3016 4794
709 317 844 402 ἰο

283 533 428 614 cognitas
457 549 526 593 esse
550 527 715 614 verisimile
738 541 831 616 puto,
867 551 940 598 nam
972 549 1045 594 cum
1072 531 1196 612 saepius
1220 529 1356 597 Athenis

285 631 428 689 moratus
461 621 500 685 sit
538 619 712 702 urbemque
748 622 829 684 berre
861 616 1027 698 noveritll,
1064 639 1164 702 opera
1198 617 1248 682 illa
1279 639 1355 682 cum

285 719 416 796 propter
439 716 541 775 artem
563 717 630 770 tum
650 717 780 794 propter
802 709 948 774 historica
964 711 1076 792 quibus
1097 708 1260 790 implicitus
1284 719 1354 774 erat

282 797 388 862 studia
412 799 464 860 vix
488 815 562 860 eum
587 787 718 860 arbitror
740 800 944 881 praeteriisse.

371 885 689 970 ,Aristo-phontis
720 886 819 952 fratris
847 887 1013 972 Polygnoti
1039 885 1230 950 Philoctetes
1264 885 1356 949 simul

282 995 359 1042 curn
386 975 548 1038 Silanionis
572 974 693 1038 locasta
705 987 835 1060 propter
858 997 1014 1040 summam
1043 977 1180 1040 veritatis
1215 976 1355 1058 speciem

287 1059 428 1130 laudatur
460 1061 498 1126 de
522 1060 592 1128 aud.
623 1073 708 1148 poet.
737 1086 765 1148 p.
796 1067 841 1130 18.
866 1065 900 1130 C.
925 1066 1032 1150 Symp.
1057 1065 1095 1129 V.
1120 1065 1142 1128 l.
1166 1085 1195 1148 p.
1219 1065 1292 1142 673.
1317 1065 1351 1126 E.

284 1153 406 1218 Contra
442 1172 530 1216 error
567 1162 615 1215 est
649 1151 813 1232 Plutarchi,
854 1175 925 1218 cum
962 1153 1179 1238 Aristoplronti
1213 1151 1350 1216 Nemeae

286 1242 427 1306 tabulam
442 1242 566 1306 ascribit
585 1261 656 1304 cum
671 1241 872 1308 Alcibiadem
889 1245 1010 1326 gremio
1021 1239 1151 1310 sedente
1165 1241 1275 1320 (Alcib.
1294 1240 1348 1320 ιο.)

289 1331 381 1396 Hanc
404 1332 487 1394 enim
512 1332 608 1416 pinxit
630 1329 831 1416 Aglaophon,
856 1331 934 1396 filius
959 1331 1090 1396 sortasse
1106 1330 1351 1414 Aristophontis,

289 1431 323 1484 ut
347 1417 439 1487 tradit
464 1419 578 1482 Athen.
594 1419 664 1482 ΧΠ.
690 1432 762 1499 534.
782 1422 819 1484 D.
850 1419 1021 1485 secundum
1043 1423 1196 1504 Satyrum.
1245 1419 1354 1482 Altera

289 1520 457 1592 praeterea
480 1529 575 1572 causa
599 1518 654 1587 est,
678 1529 733 1573 cnr
750 1510 916 1574 Plutarcho
941 1511 1002 1572 hoc
1036 1511 1107 1572 loco
1143 1506 1238 1572 fidem
1263 1507 1355 1572 dero·

286 1618 410 1682 gemus.
463 1596 542 1661 Nam
567 1617 638 1658 cum
662 1597 767 1660 tabula
792 1597 840 1660 illa
863 1609 992 1682 propter
1016 1599 1176 1661 victoriam
1205 1617 1356 1660 curruum

285 1689 461 1750 certamine
484 1695 605 1769 partam
631 1687 711 1768 picta
734 1688 779 1765 sit,
804 1686 912 1748 vicerit
928 1696 1034 1749 autem
1052 1683 1231 1749 Alcibiades
1255 1687 1356 1768 olym-

286 1773 379 1858 piade
393 1773 459 1836 XC.
484 1773 533 1836 vel
552 1770 649 1851 XCI,
672 1771 762 1840 valde
787 1771 917 1840 dubium
934 1785 992 1854 est,
1008 1776 1100 1837 etiam
1117 1784 1192 1852 tum,
1210 1777 1359 1855 quamvis

287 1865 390 1925 iunior
407 1864 497 1924 luerit
513 1862 606 1924 irater
622 1863 799 1947 Polygnoti,
814 1862 1074 1946 Aristophontem
1091 1873 1157 1926 arte
1173 1858 1358 1940 floruisse2)

397 1951 448 2014 De
472 1949 547 2034 glor.
565 1949 681 2014 Athen.
706 1973 735 2036 p.
754 1953 826 2030 246.
843 1953 884 2016 A.
909 1955 1097 2016 innumero
1121 1971 1233 2014 eorum
1257 1953 1357 2033 picto-

289 2061 370 2114 rum,
406 2060 463 2124 per
498 2059 579 2122 quos
607 2041 756 2106 Athenae
780 2042 911 2124 gloriam
941 2050 1129 2106 consecutae
1152 2042 1221 2115 sint,
1255 2043 1356 2103 nomi·

289 2139 382 2192 natur
394 2128 652 2194 Plistaenetus
675 2127 802 2194 Phidiae
812 2131 914 2195 irater.
953 2131 1048 2194 Cuius
1065 2151 1182 2194 nomen
1197 2147 1270 2192 oum
1284 2129 1355 2192 alibi

290 2237 446 2300 nusquam
482 2219 669 2296 inveniatur,
711 2216 847 2284 eundem
883 2240 956 2284 eum
995 2241 1066 2284 esse
1100 2237 1136 2282 ac
1171 2219 1352 2282 Panaenum

291 2304 420 2368 Phidiae
444 2305 572 2370 fratrem
597 2307 647 2369 vel
673 2309 897 2388 consobrinum
921 2299 1130 2394 (ἀδελφιδοῦς
1146 2305 1285 2390 Strabo),
1300 2307 1350 2387 qui

290 2415 431 2480 pugnam
455 2394 685 2462 Marathoniam
717 2399 815 2482 pinxit
849 2400 878 2462 in
902 2398 1033 2482 poecile,
1067 2401 1128 2462 iam
1163 2397 1200 2459 O.
1226 2395 1350 2462 Mueller

293 2481 332 2548 de
358 2481 444 2548 Phid.
469 2505 497 2567 p.
517 2485 546 2548 8.
570 2481 738 2552 declaravit
760 2498 992 2571 sequentesque
1015 2488 1134 2552 assensi
1156 2495 1236 2552 sunt.
1283 2485 1354 2546 Hoc

290 2593 333 2636 eo
358 2575 460 2636 minus
485 2569 614 2640 dubium
638 2571 770 2654 videtur,
794 2575 881 2660 quod
905 2577 1071 2642 Panaenus
1094 2596 1131 2640 ac
1151 2575 1355 2641 Plistaenetus

291 2659 375 2724 idem
410 2662 476 2724 fere
510 2683 629 2729 nomen
664 2677 721 2729 est.
779 2659 946 2740 Πάναινος
984 2668 1013 2727 in
1048 2658 1270 2738 Πανταίνετος
1304 2661 1356 2724 vel

292 2741 519 2826 Πλειόιααος,
545 2773 627 2834 quae
643 2757 772 2820 nomina
788 2751 921 2834 exstant,
945 2757 1125 2818 immutatus
1145 2753 1231 2819 facile
1248 2751 1375 2814 vocari·

290 2840 393 2924 potuit
416 2835 678 2920 Πλεισταίνειος.

401 2927 451 2992 De
468 2928 651 2996 Pausonis
672 2953 756 3018 equo
768 2954 803 2996 se
822 2931 983 2997 volutante
1007 2930 1185 3016 eodemque
1209 2937 1356 2992 currente

293 3025 436 3081 narratur
468 3017 580 3082 labella
613 3017 653 3084 de
686 3021 776 3104 Pyth.
806 3041 889 3084 orac.
924 3044 953 3105 p.
989 3023 1063 3102 396.
1096 3024 1132 3086 E.
1165 3017 1257 3084 ualde
1288 3039 1356 3100 per-

295 3106 423 3190 vulgata
446 3117 480 3170 ut
504 3106 634 3186 videtur,
667 3111 702 3172 ci.
736 3109 1005 3174 Pseudo-Luciam
1041 3112 1206 3176 Demosth.
1230 3128 1353 3172 encom.

295 3208 346 3272 24.
364 3193 484 3260 Aelian.
509 3218 573 3261 var.
598 3200 664 3262 hist.
680 3199 766 3264 XIV.
793 3215 839 3276 15.
887 3199 982 3264 Aliud
1006 3203 1129 3284 pictoris
1153 3219 1234 3282 opus
1258 3199 1356 3262 nomi-

296 3285 393 3346 natim
417 3288 547 3350 omnino
570 3309 634 3354 non
659 3294 861 3354 memoratur.

403 3373 670 3456 Agatharchus
694 3380 817 3442 Samius
840 3378 985 3462 quidem,
1011 3377 1066 3444 sed
1090 3377 1224 3442 Athenis
1259 3386 1357 3440 artem

294 3479 450 3524 exercens
474 3475 539 3526 erat
563 3455 806 3544 αὐτοδίδακτος,
831 3480 865 3529 ut
893 3478 997 3534 narrat
1019 3462 1294 3548 Olympiodorussst
1319 3463 1358 3528 ad

299 3545 377 3610 Plat.
402 3547 517 3614 Phaed.
549 3550 596 3614 ed.
628 3553 760 3618 Firrckh.
790 3577 819 3638 p.
855 3569 924 3632 127.
953 3579 994 3620 ex
1018 3557 1193 3620 Plutarcho
1221 3551 1271 3637 (ἐκ
1294 3555 1359 3618 τῶν

298 3635 354 3700 τοῦ
377 3635 583 3719 Χαιρωνέως,
620 3641 782 3723 Wyttenb.
819 3645 857 3708 V.
885 3643 973 3728 738.)
1028 3643 1123 3726 Quod
1155 3666 1174 3708 a
1207 3655 1359 3708 consueta

408 3831 431 3895 1)
455 3834 602 3888 Vollrmann
621 3836 742 3886 Plutarch
760 3841 779 3889 Ι.
799 3839 840 3888 (ιο.

407 3903 432 3966 2)
453 3906 560 3958 Bursian
580 3910 611 3958 n.
630 3909 718 3971 Janrn.
739 3911 754 3964 r.
774 3912 869 3968 Patior.
891 3917 931 3970 73.
951 3907 1051 3976 (1856.)
1071 3927 1095 3976 p.
1116 3918 1176 3972 sir.

406 3973 431 4037 3)
451 3971 467 4037 1',’
484 3973 596 4040 ¹aridiora
623 3981 672 4042 μὲν
689 3977 813 4048 γεγόνασί
830 4001 895 4036 τινος
920 3971 1112 4032 αι’·τοδίδακτοι·
1142 3975 1316 4049 Ἡράκλειτος,
1345 3976 1358 4028 δ

260 4105 265 4114 ι
298 4037 445 4110 Αἰγύπτιος
462 4045 582 4116 γεωργός,
604 4045 704 4115 Φήμιο.Ι
722 4045 736 4100 ὁ
755 4047 866 4122 Ὁμήρου
887 4051 910 4120 [χ
935 4049 1005 4120 balb
1024 4039 1189 4120 Ἀγάθαρχος
1207 4043 1221 4101 ὁ
1240 4047 1360 4121 yprensis.

297 4115 497 4236 1ΙΞεᾘιιιιοΙὶῖο
517 4120 547 4172 cf.
569 4120 646 4179 Dion.
668 4124 754 4179 Laert.
773 4127 818 4181 lx,
841 4129 856 4179 l.
876 4137 898 4186 5,
921 4128 951 4175 de
964 4123 1098 4188 Aegyptiis
1118 4123 1235 4188 agricolis
1249 4125 1359 4187 Dionys

322 4200 396 4251 erreg.
417 4195 475 4245 233.
495 4205 549 4255 sqq.
