3016 4794
250 589 439 674 exemplum
462 591 606 674 proxime
623 592 793 655 accessisse
805 591 990 656 Plutarchus
1012 589 1224 676 praedicabat,
1248 594 1317 657 arti·

254 681 316 742 bus
339 681 498 743 honorem
522 681 590 744 sine
612 680 824 744 aemulatione
847 681 1005 745 tribuebat
1028 701 1086 745 nec
1111 679 1320 746 delectatione

252 764 296 832 ad
319 765 503 832 imitandum
537 789 572 833 se
611 766 681 832 duci
715 770 844 834 sinebat.
890 770 998 851 Quare
1029 789 1103 833 cum
1136 780 1169 834 et
1203 772 1320 854 optime

253 853 391 920 iudicare
415 858 543 942 egregia
565 878 666 944 opera
689 857 1001 942 liberalissimumque
1016 860 1192 942 praemium
1213 869 1321 944 posset

250 947 405 1022 tribuere,
433 949 686 1032 praestantissimi
704 949 758 1032 qui
779 958 854 1012 tunc
877 948 1001 1011 luerunt
1025 947 1157 1012 artifices
1173 967 1239 1012 non
1255 957 1320 1013 tam

253 1044 361 1099 aetate
384 1033 557 1100 Alexandri
580 1057 676 1120 quam
699 1046 830 1122 propter
852 1032 1070 1101 Alexandrum
1094 1038 1248 1101 exstitisse
1276 1038 1320 1100 vi-

253 1121 378 1188 dentur.
414 1123 493 1190 Nam
517 1127 711 1190 incrementa
733 1129 846 1190 artium
860 1145 1112 1210 magnorumque
1125 1127 1321 1210 ingeniorum

254 1213 431 1296 benignitas
460 1216 564 1279 honor
592 1216 833 1299 humanitasque
861 1216 943 1299 regis
971 1214 1073 1292 efficit,
1101 1212 1214 1279 inuidia
1242 1233 1321 1278 vero

255 1301 433 1386 principum
457 1313 488 1368 et
511 1301 620 1369 sordes
643 1314 698 1368 aut
720 1303 858 1368 studium
887 1300 1098 1369 contendendi
1132 1305 1239 1367 omnia
1274 1303 1323 1367 illa

256 1393 426 1474 exstinguit
464 1401 559 1476 atque
597 1391 706 1477 perdit.
757 1389 813 1473 (de
854 1393 903 1456 Al.
939 1392 979 1457 Μ.
1014 1395 1081 1456 lort.
1122 1413 1144 1455 s.
1182 1393 1249 1456 virt.
1284 1392 1320 1455 ll.

256 1501 287 1564 p.
306 1492 380 1558 333.
393 1482 429 1545 Ε.
450 1479 531 1566 sqq.)
543 1517 587 1527 -
601 1481 708 1567 Atque
727 1483 806 1546 haec
830 1483 937 1546 omnia
960 1483 1000 1546 ita
1019 1478 1165 1566 disputat,
1189 1491 1224 1545 ut
1239 1501 1321 1566 quae

255 1570 384 1655 principi
419 1569 549 1635 suadeat
588 1573 683 1637 etiam
717 1572 773 1634 sibi
809 1573 864 1656 ipsi
896 1580 928 1633 et
966 1573 1097 1635 omnino
1131 1570 1320 1654 philosopho

254 1657 419 1743 sequenda
443 1680 514 1724 esse
538 1681 670 1725 monere
694 1658 845 1725 videatur.

710 1891 790 1994 cap.
818 1891 866 1972 11.

668 2014 711 2082 tls
735 2015 913 2084 statuariis.

362 2117 554 2186 Daedalus
579 2123 732 2206 mythicus
745 2121 794 2186 ille
807 2125 879 2187 artis
893 2119 1039 2186 conditor
1052 2133 1321 2188 commemoratur

254 2227 487 2292 nonnunquam
511 2212 541 2274 in
566 2212 627 2273 vita
650 2210 778 2286 Thesei,
815 2212 869 2273 ubi
903 2219 1010 2274 tamen
1037 2208 1077 2273 de
1105 2222 1173 2276 arte
1201 2215 1267 2276 eius
1291 2222 1322 2275 et

253 2298 407 2382 operibus
441 2298 515 2360 nihil
550 2298 713 2363 invenitur.
761 2298 924 2363 Abhorret
960 2319 979 2364 a
1007 2299 1128 2384 vulgari
1155 2298 1321 2364 traditione

256 2382 389 2450 Clidemi
413 2383 645 2472 atthidographi
678 2389 825 2468 narratio,
859 2390 922 2472 qui,
956 2397 991 2452 ut
1023 2387 1207 2453 Plutarchus
1241 2387 1320 2464 dicit,

257 2467 353 2552 ἰδίως
376 2497 451 2552 πως
473 2471 531 2540 καὶ
554 2475 719 2563 περιττῶς
742 2474 782 2540 de
798 2478 845 2540 his
863 2478 956 2541 rebus
967 2475 1120 2556 disseruit,
1145 2475 1323 2544 Daedalum

255 2563 374 2628 Thesei
399 2567 626 2631 consobrinum
649 2575 749 2631 matre
773 2565 905 2654 Merope
929 2567 1100 2631 Erechthei
1128 2567 1189 2631 filia
1213 2576 1322 2632 natum

255 2653 360 2717 fuisse.
386 2650 498 2738 (Thes.
530 2654 592 2737 19.)

366 2741 446 2806 Nihil
469 2741 509 2807 ad
532 2741 706 2808 Daedalum
731 2748 865 2829 pertinet
893 2743 959 2810 dies
986 2745 1039 2809 ille
1070 2745 1166 2809 festus
1189 2744 1322 2808 Plataeis

255 2830 445 2909 celebratus,
469 2835 523 2917 qui
547 2833 720 2897 vocabatur
742 2829 907 2898 Δαίδαλα.
953 2833 1114 2898 Accusata
1137 2842 1185 2896 est
1209 2853 1323 2897 eorum

256 2917 425 3005 descriptio
449 2918 534 3006 apud
558 2921 746 2986 Pausaniam
769 2923 822 2986 IX.
837 2937 876 3000 3.,
901 2921 1093 3010 peculiarem
1116 2940 1195 2986 uero
1219 2919 1260 2986 de
1289 2923 1323 2985 iis

258 3007 399 3073 libellum
432 3021 656 3096 composuerat
689 3011 889 3088 Plutarchus,
925 3014 1011 3075 cuius
1046 3009 1110 3074 duo
1148 3011 1324 3096 fragmenta

258 3101 396 3163 servavit
420 3099 576 3164 Eusebius
599 3121 705 3186 praep.
732 3119 782 3163 ev.
807 3100 859 3164 lll.
888 3115 899 3164 1
928 3111 960 3165 et
984 3100 1065 3166 thu
1090 3099 1237 3164 Alterum
1262 3103 1322 3165 hoc

257 3187 470 3272 fragmentum
493 3209 687 3274 quamquam
718 3209 785 3253 non
808 3199 919 3275 aperte
952 3210 993 3253 ex
1027 3188 1143 3254 eodem
1167 3189 1326 3255 Plutarchi

255 3278 374 3359 scripto
398 3289 559 3362 sumptum
583 3299 652 3342 esse
676 3279 833 3343 Eusebius
857 3277 936 3358 dicit,
971 3290 1079 3343 tamen
1102 3288 1231 3364 propter
1244 3282 1323 3343 simi-

260 3362 423 3429 litudinem
445 3370 542 3431 totius
566 3369 693 3432 rationis
716 3388 753 3432 ac
777 3371 929 3434 materiae
961 3371 1015 3432 vix
1047 3377 1152 3453 potest
1185 3365 1324 3444 dubitari,

256 3473 318 3516 nec
341 3456 508 3539 quisquam
533 3453 685 3520 dubitavit
708 3454 874 3522 editorum.
911 3455 1112 3521 Plutarchum
1137 3457 1197 3521 hoc
1209 3459 1323 3542 scripto

256 3562 324 3605 non
348 3540 388 3606 de
411 3546 505 3628 signis
522 3542 717 3629 quibusdam,
741 3544 771 3609 id
782 3545 868 3632 quod
880 3555 990 3631 putare
1001 3544 1124 3610 videtur
1135 3543 1323 3629 Foerster1),

258 3629 316 3694 sed
345 3628 385 3695 de
413 3633 481 3697 festi
513 3634 591 3697 illius
624 3653 719 3699 causa
746 3655 783 3699 ac
810 3637 931 3700 ratione
966 3637 1077 3720 egisse,
1112 3646 1144 3699 et
1178 3656 1219 3699 ex
1252 3638 1324 3720 ipsis

256 3721 441 3804 fragmentis
475 3731 506 3787 et
540 3745 559 3786 e
592 3721 765 3788 Pausaniae
799 3723 1008 3808 descriptione
1041 3724 1154 3790 collata
1184 3733 1324 3809 apparet,

258 3822 425 3894 praeterea
449 3815 523 3896 quin
547 3811 700 3876 eiusmodi
733 3815 829 3878 rebus
855 3812 1022 3878 tractandis
1046 3814 1246 3878 libentissime
1270 3832 1323 3876 va-

259 3901 336 3962 carit
370 3921 466 3965 nemo
500 3899 661 3980 dubitabit,
695 3904 747 3986 qui
780 3905 909 3989 scripta,
941 3905 1090 3989 imprimis
1122 3904 1324 3987 quaestiones

258 3987 396 4051 Graecas
429 3999 461 4052 et
493 3992 658 4056 Romanas
690 3993 865 4076 perlegerit.
923 3993 994 4058 Hoc
1028 4002 1136 4058 autem
1170 3991 1323 4055 sollemne

370 4182 393 4250 1)
414 4185 501 4236 Ueber
520 4186 562 4236 die
582 4187 695 4244 :tltesten
715 4188 868 4238 Hernbilder
888 4190 938 4240 und
958 4189 1000 4240 die
1016 4184 1259 4250 Glaubwurdtgkeit
1278 4185 1324 4233 des

255 4251 447 4320 Athenagoras,
484 4257 572 4322 Progr.
593 4261 617 4313 d,
637 4258 891 4324 hlagdalenengymn.
911 4277 932 4315 z.
951 4257 1061 4312 Breslau
1085 4257 1159 4313 1868.

724 4478 869 4504 Α
