3016 4794
784 364 803 427 2

262 577 393 642 prorsus
416 555 600 640 neglexerit.
647 555 817 619 Praeterea
838 557 900 618 iam
927 565 1050 622 tantum
1077 577 1149 622 cum
1176 561 1326 643 temporis

262 657 329 710 tum
353 643 516 708 doctrinae
539 645 673 728 spatium
695 646 876 718 intercessit,
899 654 934 708 ut
956 647 1071 710 iterum
1094 643 1230 711 eandem
1257 669 1326 712 rem

262 743 435 799 tractaturo
458 753 523 796 non
547 728 688 797 timenda
703 734 740 796 sit
759 734 956 817 vituperatio,
981 732 1068 818 quod
1091 736 1167 800 nihil
1189 736 1246 800 nisi
1265 738 1326 801 iarn

262 834 357 888 antea
379 824 563 907 investigata
585 829 735 885 recantet.

368 911 544 996 Postquam
579 911 671 994 igitur
703 912 804 995 primo
840 906 1063 975 dissertationis
1104 914 1206 997 capite
1242 934 1325 996 quae

263 1000 449 1065 Plutarchus
461 997 501 1064 de
513 1001 627 1064 artium
639 1007 753 1062 natura
766 998 984 1084 artificumque
993 997 1179 1064 condicione
1195 1004 1327 1065 senserit

262 1092 403 1165 tractavi,
427 1092 462 1153 iis
475 1108 557 1173 quae
580 1097 756 1171 sequuntur
778 1089 929 1172 capitibus
945 1088 1042 1169 locos,
1058 1091 1111 1174 qui
1132 1087 1172 1153 ad
1187 1089 1327 1172 singulos

263 1179 397 1242 artifices
420 1213 464 1223 -
487 1179 623 1262 primum
646 1177 821 1261 sculptores
844 1186 910 1240 tum
934 1179 1067 1261 pictores
1095 1213 1139 1223 -
1162 1181 1328 1264 pertinent,

264 1267 416 1330 collectos
445 1265 612 1350 disponam
641 1275 673 1329 et
700 1266 754 1330 ubi
788 1268 1002 1330 necessarium
1033 1264 1190 1332 videbitur
1220 1269 1328 1351 paucis

261 1356 433 1420 illustrabo.
484 1355 630 1439 Cumque
654 1375 719 1420 non
742 1357 886 1438 ignorem
909 1356 1032 1420 illorum
1056 1356 1201 1420 locorum
1232 1357 1327 1438 longe

263 1445 415 1528 plurimos
454 1446 516 1509 iam
554 1456 648 1508 antea
687 1445 836 1529 imprimis
874 1465 893 1507 a
924 1442 1066 1509 Bruunio
1099 1443 1140 1510 ad
1176 1445 1330 1510 artificum

264 1535 427 1598 historiam
461 1529 719 1598 conformandam
753 1531 909 1596 adhibitos
941 1554 1022 1610 esse,
1055 1536 1204 1618 imprimis
1235 1536 1331 1619 ipsius

263 1623 431 1701 Plutarchi,
460 1618 547 1707 quod
575 1623 684 1685 habuit
713 1617 752 1682 de
782 1640 978 1705 unoquoque
1009 1621 1127 1686 artifice
1156 1623 1209 1686 vel
1231 1642 1332 1707 opere

264 1709 420 1792 iudicium,
454 1707 709 1775 constituendum
744 1719 776 1772 et
803 1711 949 1793 quotiens
983 1709 1051 1774 fieri
1077 1713 1193 1794 poterit
1228 1712 1331 1775 fontes

264 1797 350 1864 unde
384 1820 453 1863 rem
491 1797 637 1862 traditam
676 1799 814 1861 hauserit
851 1796 998 1862 videntur
1041 1796 1262 1884 investigandi,
1298 1809 1332 1863 ut

262 1898 414 1973 quantam
436 1888 551 1952 habeat
582 1889 646 1951 vim
674 1888 741 1950 eius
769 1884 918 1951 iudicium
942 1899 974 1951 et
996 1891 1165 1953 auctoritas
1194 1888 1331 1972 intellegi

265 1980 372 2063 possit.
420 1978 600 2060 Sequentur
636 1996 734 2061 opera
768 1976 919 2041 nonnulla
952 1978 1018 2042 sine
1051 1977 1176 2043 artificis
1203 1979 1331 2042 nomine

267 2075 526 2142 commemorata,
547 2073 702 2150 quatenus
718 2085 783 2129 non
800 2067 861 2128 iam
876 2067 1031 2149 prioribus
1050 2069 1201 2151 capitibus
1218 2069 1333 2131 inserta

268 2165 340 2220 sunt
364 2164 396 2218 et
419 2175 502 2239 quae
524 2163 692 2239 praeterea
714 2151 907 2219 uidebuntur
928 2151 1083 2218 addenda.

372 2242 422 2307 Ac
447 2241 524 2307 duas
549 2240 676 2325 quidem
699 2263 749 2316 res
774 2245 805 2306 in
823 2248 940 2308 horum
973 2243 1118 2306 locorum
1145 2243 1331 2305 tractatione

265 2334 371 2396 habeo
394 2333 587 2418 propositas:
611 2333 746 2417 primum
769 2342 804 2396 ut
819 2340 936 2416 quanta
951 2333 994 2394 sit
1004 2328 1082 2394 fides
1099 2331 1331 2414 auctoritasque

266 2421 423 2486 Plutarchi
462 2423 493 2484 in
532 2422 645 2486 artium
684 2423 814 2486 historia
857 2418 1076 2484 constituenda
1112 2431 1331 2505 cognoscatur,

270 2508 384 2576 deinde
407 2532 459 2574 me
484 2520 728 2575 consecuturum
741 2531 812 2574 esse
824 2530 929 2594 spero,
947 2520 981 2573 ut
997 2509 1166 2574 lectoribus
1178 2508 1332 2573 Plutarchi
1364 2531 1366 2534 ·

269 2619 380 2664 eorum
403 2601 555 2678 locorum,
584 2599 639 2683 qui
654 2597 694 2664 ad
719 2610 819 2664 artem
835 2601 1001 2684 pertinent,
1028 2621 1087 2685 pro
1103 2598 1332 2663 commentario

267 2691 384 2772 exiguo
408 2691 446 2752 sit
469 2709 542 2752 mea
561 2686 745 2752 dissertatio.

732 3057 811 3156 cap.
839 3054 869 3134 Ι.

378 3201 465 3269 ssuaa
490 3200 677 3270 Plutarchus
701 3201 740 3266 tle
764 3197 885 3264 artibus
910 3195 1150 3280 philosophatus
1174 3197 1227 3262 sit.

377 3311 469 3392 Quae
492 3311 677 3376 Plutarchus
706 3307 745 3370 de
773 3308 885 3372 artium
912 3318 1024 3372 natura
1052 3325 1223 3389 earumque
1248 3305 1280 3366 vi
1302 3311 1334 3365 et

271 3398 387 3463 effectu
411 3403 551 3478 senserit,
576 3398 615 3461 de
638 3401 685 3462 his
709 3397 858 3461 nonnulla
877 3398 996 3482 optime
1020 3393 1175 3478 disputata
1193 3393 1333 3456 invenies

272 3491 303 3551 in
318 3485 377 3552 Ed.
392 3487 514 3552 llltilleri
536 3488 615 3550 libro
633 3487 686 3570 qui
705 3485 888 3548 inscribitur:
916 3485 1103 3548 Geschichte
1120 3480 1176 3546 der
1193 3481 1335 3546 Theorie

272 3575 328 3640 der
351 3578 457 3641 Kunst
478 3577 531 3639 bei
554 3572 616 3638 den
640 3574 736 3637 Alten
760 3573 795 3636 II.
821 3574 893 3638 208.
918 3594 986 3658 sqq.

381 3666 463 3729 Cum
487 3674 619 3738 constet,
643 3661 848 3726 Plutarchum
871 3673 1024 3727 nontam
1047 3681 1205 3725 novarum
1228 3678 1334 3724 rerunt

274 3757 534 3840 investigatorem
557 3753 651 3815 fuisse
681 3761 713 3814 et
739 3753 948 3832 inventorem,
977 3772 1072 3835 quarn
1101 3747 1262 3814 doctrinae
1291 3750 1333 3810 in·

274 3847 360 3928 genti
392 3846 457 3910 fere
485 3843 619 3906 lectione
643 3841 698 3904 sibi
727 3851 927 3922 comparatae
954 3838 1148 3918 traditorem,
1182 3834 1334 3922 quamde

273 3934 392 3996 artibus
426 3932 565 3997 habebat
597 3931 785 3994 sententiam
817 3951 858 3993 ex
890 3949 948 3993 suo
982 3931 1075 4014 ipsius
1103 3929 1228 4011 ingenio
1262 3944 1335 3988 eum

274 4024 419 4085 hausisse
452 4023 506 4084 vix
541 4021 705 4103 quisquam
739 4020 868 4103 putabit.
914 4018 957 4082 Ut
984 4020 1110 4101 ubique,
1144 4016 1188 4076 sic
1217 4016 1248 4074 in
1277 4013 1335 4074 hac

275 4127 406 4194 quoque
429 4110 647 4196 philosophiae
665 4117 753 4192 parte
769 4105 1006 4171 fundamentum
1030 4105 1137 4168 habuit
1159 4100 1332 4164 doctrinam

274 4200 420 4279 Platonis,
465 4199 606 4284 principis
641 4198 916 4282 philosophorum,
955 4194 1062 4272 (livini,
1101 4189 1335 4275 praeclarissimi
