3016 4794
827 371 867 435 16

314 566 483 632 Plutarcho
507 564 559 628 vel
572 562 695 628 Anticle
719 574 751 626 et
766 565 846 628 Istro
869 562 1047 629 traduntur:
1072 555 1155 627 οὕτω
1179 559 1215 626 δὲ
1231 558 1374 628 παλαιόν

310 651 389 720 ,ἐστι
423 648 461 720 τὸ
496 644 666 759 ἀφίδρυμα
695 653 798 731 τοῦτο,
832 643 916 716 ὥστε
946 647 1019 730 τοὺς
1041 647 1274 738 ἐργασαμένους
1297 643 1373 716 αὐτὸ

313 744 380 807 τῶν
402 741 483 808 καθ’
530 737 686 827 Ηραλλέα
709 735 880 827 Μερόπων
903 738 1007 829 φασὶν
1029 731 1127 804 εἶναι.
1173 741 1282 805 Brunn
1304 742 1374 806 hist.

312 832 388 896 artis.
424 833 448 897 Ι.
473 845 525 908 51.
550 852 619 895 rem
641 831 672 894 in
695 829 801 896 medio
825 831 978 916 relinquit,
1012 831 1155 896 Muelleri
1190 849 1269 894 vero
1303 851 1374 894 sen-

311 923 409 987 tentia
432 918 564 1002 (Dorier
587 940 615 1004 p.
630 915 719 1002 353.)
733 920 908 984 Tectaeum
932 931 964 984 et
974 919 1188 1005 Angelionem
1212 929 1375 984 vetustum

311 1008 384 1075 illud
426 1012 549 1095 signum
591 1007 731 1092 ligneum
777 1006 865 1093 quod
903 1009 1088 1075 Plutarchus
1141 1020 1375 1072 commemorat

314 1101 450 1164 imitatos
474 1119 544 1162 esse
567 1097 704 1161 lontibus
727 1108 875 1162 accurate
901 1101 1047 1184 inspectis
1070 1099 1124 1162 vix
1146 1095 1271 1161 videtur
1293 1098 1376 1161 veri·

314 1189 427 1253 similis.
466 1185 529 1251 Sed
553 1185 707 1250 eiusmodi
722 1197 846 1251 vetusta
869 1209 977 1272 opera,
1003 1208 1066 1272 quo
1089 1188 1190 1251 maior
1205 1185 1258 1250 fiat
1273 1207 1373 1250 vene-

311 1280 393 1342 ratio
417 1287 513 1360 atque
536 1277 713 1356 auctoritas,
741 1278 772 1340 in
800 1278 1009 1342 remotissima
1035 1288 1181 1361 tempora
1209 1273 1375 1359 usquead

310 1371 425 1430 heroas
456 1366 556 1430 relata
590 1385 661 1428 esse
694 1384 767 1428 cum
789 1387 848 1450 per
875 1387 909 1430 se
937 1363 1104 1451 probabile
1133 1375 1181 1428 est
1204 1373 1281 1428 -tum
1309 1364 1374 1430 aliis

310 1456 513 1520 confirmatur
557 1452 720 1539 exemplis.
788 1454 934 1519 Patarani
979 1457 1011 1519 in
1057 1453 1175 1538 templo
1219 1452 1374 1538 Apollinis

311 1565 449 1610 aeneum
476 1541 684 1608 ostenderunt
710 1552 875 1619 craterem,
904 1564 1000 1628 quem
1023 1543 1157 1608 Vulcani
1184 1561 1265 1626 opus
1292 1540 1373 1606 dice·

314 1637 399 1714 bant,
423 1635 615 1716 ignorantes,
639 1643 675 1695 ut
697 1642 782 1696 recte
806 1634 957 1698 observat
976 1632 1156 1708 Pausanias,
1180 1633 1298 1715 primos
1321 1634 1373 1716 qui

307 1745 365 1788 aes
388 1720 524 1787 fuderint
535 1719 738 1786 Theodorum
760 1731 793 1785 et
803 1722 973 1786 Rhoecum
987 1719 1111 1786 Samios
1134 1721 1236 1785 luisse.
1270 1722 1372 1797 (Paus.

309 1812 365 1876 lX.
395 1809 448 1875 41.
483 1811 522 1888 1.)
580 1811 653 1874 Huc
682 1812 776 1875 etiam
809 1812 945 1895 pertinet
973 1812 1099 1876 lunonis
1126 1811 1251 1874 Samiae
1279 1811 1371 1874 simu-

309 1902 438 1980 lacrum,
460 1896 548 1984 quod
571 1900 601 1964 in
625 1900 800 1984 fragmento
823 1911 934 1964 nostro
954 1909 1224 1964 commemoratur
1247 1895 1372 1962 duobus

310 1987 489 2054 Callimachi
513 1986 648 2052 distichis
675 1990 773 2053 citatis
804 1986 844 2053 ad
873 1987 903 2052 id
918 1989 1153 2074 spectantibus.
1201 1987 1372 2072 inquibus

308 2080 484 2143 miserrime
513 2080 668 2162 corruptis
697 2076 902 2142 emendandis
929 2078 1017 2142 multi
1040 2079 1235 2142 laborarunt:
1267 2080 1374 2142 omnia

315 2168 500 2251 complexus
523 2178 570 2231 est
593 2167 744 2232 Foerster
767 2167 786 2229 l.
811 2187 836 2230 c.
861 2189 891 2251 p.
916 2178 966 2230 20.
994 2166 1103 2251 Atque
1126 2168 1157 2231 in
1181 2187 1222 2231 eo
1246 2165 1371 2250 quidem

313 2259 511 2320 consentiunt
539 2276 661 2335 omnes,
690 2267 725 2318 ut
753 2276 812 2340 pro
840 2257 942 2319 verbo
974 2250 1126 2338 οκέλμιον
1153 2275 1271 2319 nomen
1298 2257 1368 2316 arti-

309 2347 374 2410 ficis
397 2346 487 2430 primi
510 2344 588 2409 illius
611 2346 765 2410 simulacri
787 2342 972 2428 ponendum
995 2347 1033 2410 sit
1056 2339 1191 2427 Σμίλιος
1213 2343 1264 2406 vel
1286 2345 1369 2422 Σμι-

307 2429 406 2514 λικὸν,
432 2435 484 2516 qui
506 2436 573 2497 sive
596 2436 707 2498 utvult
730 2435 839 2498 Brunn
862 2434 884 2497 l.
900 2434 950 2498 28.
965 2435 1046 2498 circa
1068 2429 1278 2519 olympiadem
1295 2429 1366 2494 LX.

308 2526 374 2588 sive
398 2520 571 2588 secundum
594 2523 754 2588 Foersteri
776 2525 963 2588 sententiam
987 2526 1069 2589 circa
1090 2523 1166 2588 XX.
1190 2521 1242 2586 vel
1264 2519 1370 2585 XXX.

309 2615 395 2690 uixit,
420 2622 505 2677 certe
529 2633 595 2677 non
617 2622 724 2696 potest
747 2614 894 2696 coniungi
916 2632 989 2677 cum
1013 2615 1056 2689 iis,
1081 2633 1165 2697 quae
1188 2610 1282 2674 Paus.
1302 2609 1370 2672 Vll.

306 2717 337 2780 4.
362 2719 393 2780 4.
418 2698 459 2765 de
483 2703 694 2766 vetustissimo
718 2699 804 2765 Sami
828 2704 917 2786 signo
944 2700 1047 2779 tradit,
1076 2703 1170 2766 luisse
1198 2701 1250 2781 qni
1278 2695 1369 2760 dixis·

306 2801 385 2867 sent,
408 2790 612 2875 Argonautas
636 2787 709 2854 illud
732 2789 827 2875 Argis
850 2800 1084 2876 comportatum
1108 2786 1277 2861 dedicasse.

412 2880 524 2944 Restat
550 2889 641 2943 vetus
668 2879 830 2944 Minervae
857 2881 994 2965 signum:
1030 2872 1152 2958 ξύλινον
1184 2870 1219 2937 δὲ
1246 2865 1285 2936 rb
1311 2870 1369 2957 τῆς

306 2961 473 3044 Πολιάδος
509 2959 578 3032 ὑπὸ
614 2968 680 3032 τῶν
718 2958 926 3048 αὐτοχθόνων
962 2961 1101 3052 ῖδροθέν,
1137 2953 1156 3028 ὃ
1186 2957 1282 3045 μέχρι
1317 2959 1370 3022 νῦν

305 3048 474 3144 Ἀθηναῖοι
515 3051 829 3145 διαφολάττουοιν.1)
890 3060 942 3124 De
981 3055 1123 3122 fabulosa
1159 3053 1252 3117 huius
1290 3051 1370 3134 sigui

308 3149 428 3232 origine
451 3147 500 3210 alii
523 3166 652 3232 quoque
676 3147 825 3212 referunt:
850 3148 941 3212 Paus.
965 3147 988 3211 l.
1013 3145 1063 3210 26.
1087 3145 1117 3210 6.
1141 3141 1181 3207 de
1204 3140 1294 3206 caelo
1318 3136 1371 3201 de-

306 3239 428 3320 lapsum
462 3235 564 3312 tradit,
600 3235 815 3321 Apollodorus
850 3237 903 3301 Ill.
938 3251 986 3315 14.
1014 3236 1045 3300 6.
1081 3235 1121 3298 ab
1155 3229 1371 3302 Erichthoni0,

306 3325 462 3388 Eusebius
495 3346 600 3410 praep.
635 3347 684 3390 ev.
707 3327 747 3391 X.
771 3341 801 3406 9.
832 3347 852 3391 a
884 3327 1027 3408 Cecrope
1060 3324 1198 3407 positum
1232 3326 1369 3381 narrant.

308 3412 421 3498 Neque
444 3423 552 3479 tamen
584 3413 721 3496 defuere,
750 3405 808 3499 'qui
839 3414 946 3478 artifici
979 3408 1103 3474 aliunde
1137 3407 1264 3491 cognito
1299 3403 1372 3468 illud

305 3504 495 3581 tribuerent,
531 3503 665 3570 Endoeo
703 3501 835 3570 Daedali
875 3512 909 3564 ut
948 3499 1116 3583 putabatur
1147 3493 1296 3580 discipulo
1330 3489 1377 3575 (cf

305 3593 415 3656 Brnnn
439 3592 461 3656 l.
492 3591 578 3678 100),
612 3592 698 3680 quod
732 3598 864 3677 apparet
897 3589 969 3652 loco
992 3586 1218 3669 Athenagorae
1253 3583 1313 3666 leg.
1338 3601 1368 3665 p.

306 3682 418 3746 Christ.
446 3697 493 3762 14.
519 3677 558 3747 cd
579 3681 638 3766 μέν
660 3676 720 3767 γὰρ
744 3676 777 3745 έν
797 3669 924 3765 Ἐφέσῳ
952 3674 1009 3763 τῆς
1029 3665 1221 3760 Ἀρτέμιδος
1248 3667 1306 3735 καὶ
1333 3665 1371 3733 τὸ

306 3761 521 3859 τῆςᾍθηνᾶς
545 3820 679 3837 .....
703 3765 760 3834 καὶ
783 3761 841 3830 τ“ν
871 3760 1060 3854 καθημένην
1084 3753 1234 3838 ’Ἔνδοιος
1262 3754 1370 3846 εἰργά-

307 3879 396 3939 σατο,
413 3857 566 3949 porphiria
584 3854 764 3926 Δαιδάλου.
803 3791 981 3921 bedentem
997 3858 1078 3920 hanc
1095 3851 1217 3918 Endoei
1234 3861 1369 3914 statuam

306 3971 325 4012 e
348 3969 507 4014 marmore
531 3954 645 4016 iactam
668 3957 826 4014 memorat
848 3947 981 4012 Pausan.
1006 3946 1028 4009 l.
1053 3944 1103 4008 26.
1127 3959 1157 4021 4.

306 4091 517 4100 ———..-—.

351 4234 366 4283 8
414 4161 439 4224 r)
461 4160 493 4217 cl.
514 4163 546 4216 O.
564 4162 637 4224 Jahn.
659 4161 691 4210 de
710 4161 889 4224 antiquissimis
902 4159 1035 4210 Minervae
1046 4154 1199 4208 simulacris.
1214 4151 1286 4202 Bonn
1304 4148 1371 4201 1866

305 4248 330 4296 P·
370 4276 375 4289 ·
393 4249 449 4298 Sq‘l·
