3016 4794
766 348 807 410 40

257 538 396 614 donaria,
428 559 566 622 quorum
598 537 810 622 cognitionem
843 540 954 623 partim
987 541 1056 620 ipso
1090 539 1169 616 visu,
1207 538 1319 620 partim

256 651 275 692 e
294 630 526 713 periegetarum
543 627 650 690 libellis
673 627 730 688 sibi
747 629 947 711 comparavit.
995 628 1022 690 E
1041 629 1154 710 quibus
1170 627 1319 709 imprimis

255 717 421 781 Polemoni
455 718 561 779 tribuit
591 717 821 796 auctoritatem,
855 717 974 779 homini
1008 718 1093 779 varie
1130 714 1225 779 docto
1260 735 1319 777 nec

257 809 424 869 oscitanter
439 806 469 867 in
485 806 579 869 rebus
593 805 719 868 Graecis
736 815 863 867 versato
881 803 1001 889 (Symp.
1020 805 1060 868 V.
1080 817 1108 868 2.
1126 826 1156 888 p.
1170 805 1244 879 675.
1263 804 1321 882 By,
1372 831 1373 834 ¹

256 915 352 978 quem
376 891 461 957 haud
486 915 558 958 raro
581 895 730 977 sequitur.
755 893 807 976 (cl.
830 894 956 956 Preller.
983 894 1048 957 Pol.
1073 895 1107 957 lr.
1127 915 1157 976 p.
1177 905 1228 970 29.
1253 890 1319 974 46.)

256 985 307 1048 Ex
338 981 585 1046 Anaxandridae
608 982 751 1066 Delphici
790 984 843 1066 qui
879 981 1060 1046 Polemonis
1093 984 1148 1046 luit
1182 981 1321 1064 aequalis

257 1093 355 1155 opere
379 1073 467 1135 locos
491 1070 580 1135 affert
603 1072 677 1154 Lys.
699 1073 745 1135 18.
770 1072 901 1152 Quaest.
926 1092 971 1154 gr.
997 1086 1027 1148 9.
1053 1093 1082 1156 p.
1109 1083 1182 1149 292.
1209 1069 1243 1132 F.
1269 1070 1319 1152 (cl.

257 1163 422 1244 Weniger,
455 1159 495 1223 de
518 1157 745 1223 Anaxandrida
779 1159 953 1223 Polemone
977 1158 1186 1243 Hegesandro
1216 1179 1320 1222 rerum

257 1251 370 1334 Delph.
397 1251 607 1333 scriptoribus.
634 1249 715 1312 Diss.
738 1249 818 1312 Berl.
854 1249 945 1325 1865.
975 1270 1006 1331 p.
1038 1266 1060 1312 1.
1087 1250 1165 1333 sqq.)
1212 1247 1321 1331 Atque

257 1343 318 1403 hos
350 1337 476 1421 quidem
509 1336 618 1401 doctos
649 1339 736 1401 viros
767 1359 907 1421 vereque
943 1340 1132 1423 antiquitatis
1162 1335 1321 1401 studiosos

257 1431 407 1530 sequitur,
438 1429 576 1511 ineptam
600 1447 679 1489 vero
711 1425 903 1510 stultamque
938 1429 1063 1490 turbam
1087 1429 1320 1512 periegetarum

258 1519 311 1600 qui
333 1518 472 1600 hospites
503 1528 610 1580 narrat
598 1517 734 1579 tionibus
767 1517 1021 1597 carminibusque
1044 1519 1226 1580 memoriter
1248 1536 1321 1599 pro-

257 1607 363 1669 latiss
349 1603 583 1680 fastidiebant,
578 1627 644 1668 rure
673 1603 856 1668 irridebat
849 1626 879 1668 rn
903 1607 1006 1668 libello
1031 1603 1070 1667 de
1095 1606 1135 1689 Py
1132 1607 1183 1667 th.
1209 1625 1291 1668 orac
1295 1602 1320 1686 1)

256 1695 302 1771 (cl.
338 1695 464 1758 Preller.
500 1694 565 1758 Pol.
599 1694 692 1777 inp
734 1693 801 1768 167
840 1715 907 1777 sqq.
943 1693 1184 1781 περιηγητικῶν
1218 1681 1322 1756 ddcode

253 1777 393 1866 βιβλίων
416 1785 523 1866 Symp.
549 1783 630 1846 Vl.ll
656 1797 685 1859 4.
711 1803 740 1866 p.
767 1795 841 1860 724.
867 1783 920 1860 D.)

360 1872 394 1935 ln
426 1874 634 1935 remotiorum
663 1892 796 1973 operum
828 1873 1007 1955 cognitione
1035 1891 1099 1934 non
1131 1869 1223 1935 valde
1248 1891 1321 1934 eum

252 1970 413 2025 versatum
437 1971 529 2044 puto:
563 1962 616 2023 ubi
651 1963 755 2045 operis
788 1961 840 2022 vel
872 1961 995 2024 artificis
1026 1962 1134 2024 habuit
1158 1962 1322 2039 rationem,

254 2052 437 2135 saepissime
460 2047 699 2125 necessitudine,
724 2070 875 2133 quacum
900 2051 989 2113 claris
1012 2053 1154 2134 personis
1173 2050 1323 2112 historicis

260 2142 444 2203 coniunctus
457 2149 531 2218 erat,
548 2149 783 2202 commovetur:
802 2136 925 2202 Phidias
941 2140 971 2202 in
984 2139 1111 2216 Pericle,
1127 2138 1323 2223 Polygnotus

257 2230 289 2291 in
314 2228 447 2290 Cimone
470 2229 675 2311 potissimum,
700 2227 829 2310 Apelles
846 2237 877 2290 et
892 2228 1050 2312 Lysippus
1073 2227 1176 2292 solum
1201 2229 1253 2290 ubi
1282 2225 1321 2290 ad

260 2314 480 2380 Alexandrum
504 2318 661 2400 pertinent
685 2327 983 2380 commemorantur.
1032 2315 1151 2380 Nullius
1168 2318 1245 2380 alius
1261 2317 1323 2400 Ly·

257 2407 338 2510 sippi
362 2415 494 2481 statuae,
523 2405 635 2468 nullius
659 2405 779 2488 Apellis
802 2405 937 2482 tabulae,
967 2426 1007 2469 ne
1035 2405 1166 2470 Veneris
1194 2404 1322 2507 quidem

257 2484 493 2596 ’4νιιδυομένης,
527 2515 609 2578 quae
632 2492 805 2570 dicebatur,
831 2495 942 2559 nullius
967 2497 1097 2559 omnino
1127 2499 1231 2580 operis
1256 2495 1323 2579 My·

260 2586 346 2647 ronis
380 2604 484 2667 neque
519 2585 681 2647 Praxitelis
711 2593 842 2668 praeter
881 2583 1028 2667 Phrynen
1064 2585 1249 2668 Delphicam
1292 2594 1324 2646 et

261 2672 418 2736 Amorem
441 2672 670 2757 Thespiensem
693 2675 849 2736 invenitur
877 2676 1005 2749 mentio,
1032 2675 1156 2758 Scopae
1181 2693 1324 2736 verone

261 2781 379 2823 nomen
403 2759 531 2844 quidem
556 2772 829 2826 commemoratur.
1138 2813 1157 2827 ..

365 2851 432 2913 Sta
420 2859 538 2913 uanos
567 2849 654 2913 vides
686 2849 856 2934 praecipue
887 2853 1075 2930 nominatos,
1100 2853 1161 2935 qui
1193 2852 1324 2914 omnino

259 2940 412 3002 minust
384 2936 520 3002 studium
545 2950 576 3002 et
600 2939 748 3003 iudicium
776 2941 940 3003 hominum
969 2943 1193 3004 excitaverunt.
1243 2937 1324 3002 Nam

260 3048 332 3092 curn
367 3030 396 3091 in
431 3028 479 3091 illa
514 3039 581 3093 arte
616 3031 707 3092 nimis
742 3049 813 3092 cum
849 3049 1000 3092 manuum
1032 3050 1131 3114 opera
1159 3030 1325 3092 coniuncta

260 3126 390 3203 propter
424 3118 538 3181 laboris
575 3129 606 3182 et
639 3120 790 3182 materiae
825 3116 1035 3182 difficultatem
1072 3119 1124 3180 vix
1157 3120 1323 3202 quisquam

260 3208 428 3291 voluptatis
453 3226 547 3271 causa
571 3209 669 3272 otium
698 3209 939 3292 consumpserit,
969 3209 1117 3290 exiguam
1145 3217 1267 3271 tantum
1293 3219 1325 3269 et

260 3298 410 3359 materiae
434 3295 615 3360 tractandae
648 3299 851 3381 ipsorumque
880 3296 1033 3360 artificum
1057 3298 1267 3380 cognitionem
1292 3306 1324 3358 et

260 3386 377 3447 rariora
400 3389 572 3468 reperimus
589 3384 698 3449 iudicia
713 3383 796 3468 apud
813 3387 991 3468 scriptores
1016 3395 1152 3469 excepto
1169 3385 1323 3460 Lucieno,

260 3474 313 3557 qui
347 3474 508 3556 utriusque
544 3477 617 3537 artis
652 3494 755 3558 aeque
793 3473 848 3536 luit
886 3477 1012 3558 peritus.
1070 3472 1324 3537 Narratiunculae

182 3591 185 3598 ⁴
260 3571 366 3624 autem
391 3561 535 3644 salseque
559 3562 640 3625 dicta
664 3561 703 3624 de
727 3562 800 3625 solis
823 3561 890 3625 lere
913 3565 1082 3644 pictoribus
1105 3560 1276 3626 traduntur.

366 3649 567 3714 Plutarchum
592 3660 625 3713 ut
649 3649 689 3714 de
713 3653 862 3714 statuario
888 3673 986 3736 opere
1021 3649 1136 3736 aliquid
1160 3650 1321 3726 iudicaret,

259 3738 346 3804 solae
370 3740 532 3803 Silanionis
561 3743 703 3823 argutiae
727 3750 981 3822 commoverunt3
1019 3761 1103 3826 quae
1127 3739 1167 3804 de
1191 3741 1323 3824 Lysippi

370 3984 393 4052 1)
414 3989 435 4038 E
455 3989 514 4038 loco
541 4004 566 4053 p.
586 3997 646 4051 401.
675 3991 705 4041 E.
732 3987 803 4038 εἶπεν
824 3982 915 4056 ἅτερος
938 3985 994 4037 τῶν
1016 3984 1184 4055 ιιιιιιηγιιτιῦιι
1204 4002 1264 4043 ιιοιι,
1294 3993 1323 4036 ut

261 4058 317 4106 vult
336 4059 433 4108 Heinze
461 4060 485 4108 in
506 4060 695 4110 Commentario
721 4059 821 4125 (Progr.
841 4060 1004 4124 lllaricnburg
1036 4036 1111 4114 ldrtl.
1139 4075 1164 4122 p.
1186 4055 1221 4124 9.)
1257 4056 1322 4107 ellici

261 4135 353 4192 potest,
374 4129 438 4178 duos
459 4131 536 4179 modo
556 4133 659 4194 publice
679 4132 861 4194 comprobatos
887 4137 1007 4194 exegetas
1026 4136 1087 4179 tunc
1106 4130 1216 4192 Delphis
1235 4129 1322 4184 fuisse,

260 4199 306 4248 sed
325 4199 388 4248 nihil
408 4200 453 4249 nisi
474 4202 539 4250 duos
558 4203 623 4251 sorte
642 4202 842 4251 sermocinantes
862 4207 923 4251 lunc
944 4201 1156 4251 circumduxisse.
