3016 4794
699 395 716 459 7

178 609 261 653 voce
284 583 485 692 ἐμφανίζειν,
509 587 713 672 nequeenim
737 587 840 671 ipsum
863 573 948 672 ηθος
960 588 1098 671 pictores
1110 587 1246 672 sculpto·

178 698 272 743 resve
308 677 421 742 imitari
456 679 534 741 sicut
566 677 715 751 musicos,
746 672 802 738 sed
830 676 972 740 actiones
1000 674 1102 740 modo
1128 686 1248 742 motus·

179 787 243 850 que
260 767 354 830 animi
368 777 402 830 ut
418 767 669 830 coniectarentur
687 765 824 828 externis
839 764 934 848 signis
950 766 1127 849 exprimere
1150 785 1246 850 posse

179 854 368 921 Aristoteles
396 853 556 918 docuerat
560 850 587 934 l)
647 849 742 935 Quod
774 853 927 937 pictorem
956 850 1104 918 decere'
1097 873 1159 917 ram
1187 851 1247 917 So·

180 954 280 1009 crates
301 942 500 1008 Parrhasium
516 952 627 1007 monet
641 938 726 1027 apud
740 940 825 1007 Xen.
848 941 943 1006 Mem.
957 941 1009 1006 III.
1036 958 1085 1019 to,
1109 962 1246 1028 eamque

179 1035 222 1097 ob
251 1051 378 1098 causam
400 1031 592 1096 Aristoteles
619 1031 834 1115 Polygnotum
868 1028 976 1096 laudat
1007 1041 1040 1096 et
1067 1033 1247 1116 quicunque

179 1133 345 1206 praeterea
371 1123 530 1206 pictorum
552 1120 605 1183 vel
628 1121 822 1204 sculptorum
845 1120 884 1184 sit
906 1109 1036 1230 ἠθικός.
1063 1117 1165 1204 (Post
1189 1119 1245 1185 VI.

177 1211 243 1275 Pol.
268 1210 354 1276 VIII.
381 1207 427 1293 5.)
473 1209 614 1274 Maxime
639 1217 746 1271 autem
769 1229 922 1311 apparere
945 1202 983 1273 τὸ
1007 1197 1122 1297 ἦθος
1114 1229 1146 1273 ιιι
1169 1209 1247 1274 lacie

178 1300 342 1383 oculisque
375 1299 527 1375 honunis,
566 1315 704 1380 quorum
738 1297 887 1380 imprImis
918 1317 995 1382 prae
1030 1299 1143 1362 ceteris
1177 1317 1246 1362 cor·

179 1390 266 1472 poris
300 1387 442 1472 partibus
476 1382 516 1449 ad
553 1380 793 1470 exprimendam
832 1384 1061 1450 slmilitudinem
1095 1388 1174 1452 ratio
1209 1389 1246 1452 sit
1295 1461 1298 1468 ,

179 1475 328 1540 habenda
350 1475 529 1577 pictoribus
576 1473 683 1557 (Alex.
712 1474 751 1553 1.)

286 1565 407 1629 Pravos
436 1565 530 1648 igitur
552 1583 623 1626 esse
645 1564 790 1648 pictores
818 1564 880 1648 qui,
910 1582 983 1626 cum
1010 1563 1174 1667 pulchrum
1197 1585 1247 1629 as·

180 1655 269 1738 sequi
291 1663 451 1737 nequeant
466 1662 602 1737 propter
619 1651 873 1727 imbecillitatem,
906 1653 991 1736 rugis
1007 1654 1145 1717 verrucis
1169 1655 1247 1717 cIca

180 1744 305 1808 tricibus
340 1751 487 1807 accurate
527 1737 740 1826 exprImendis
778 1737 991 1806 similitudines
1026 1739 1159 1806 reddant
1191 1740 1247 1824 (de

180 1829 260 1895 adul
285 1842 316 1896 et
338 1833 493 1915 amicop.
518 1843 569 1910 53.
593 1829 657 1910 D..)
680 1849 740 1892 nec
767 1827 967 1932 probandam
995 1851 1065 1894 esse
1092 1832 1246 1916 picturam

179 1923 269 1986 nimis
304 1937 485 2006 operosam,
527 1937 611 2003 quae
650 1918 809 1982 coloribus
847 1920 968 2003 asperis
1006 1921 1246 2004 pinguibusque,

180 2009 267 2093 plicis
294 2011 405 2091 fractis,
436 2009 520 2111 rugis
547 2019 643 2092 atque
671 2007 793 2092 angulis
815 2027 960 2071 summae
983 2004 1160 2092 diligentiae
1183 2010 1246 2073 evi-

183 2096 372 2201 dentiaeque
405 2099 543 2183 speciem
575 2093 724 2161 inducere
748 2106 882 2161 conetur
910 2093 994 2199 (ibid.
1034 2118 1063 2200 p.
1100 2097 1152 2174 64
1180 2097 1244 2176 Α..)

182 2186 255 2253 Non
286 2190 379 2272 igitur
412 2186 606 2264 Plutarchus,
639 2186 717 2249 sicut
750 2184 868 2250 Plinius
901 2187 1005 2250 minor
1038 2188 1070 2250 in
1097 2197 1174 2252 nota
1196 2187 1247 2251 illa

181 2277 332 2341 Corinthii
359 2277 441 2360 signi
469 2272 680 2378 descriptione
708 2275 769 2358 (ep.
794 2274 845 2338 III.
873 2273 917 2354 6.)
944 2286 1091 2340 accurata
1113 2286 1246 2341 naturae

180 2367 353 2430 imitatione
376 2384 535 2430 summam
558 2365 633 2428 artis
664 2376 808 2428 constare
831 2365 963 2448 putavit,
987 2367 1085 2429 immo
1108 2363 1150 2430 ad
1173 2365 1251 2430 Dio·

181 2457 258 2537 nysii
282 2455 565 2519 Halicamassensis
595 2455 784 2518 sententiam
811 2472 913 2538 prope
936 2451 1057 2517 accedit
1080 2451 1121 2518 de
1144 2473 1249 2537 comp.

183 2544 269 2607 verb.
293 2543 400 2608 XXV.
425 2564 454 2627 p.
475 2556 549 2620 209
566 2542 605 2607 R.
633 2536 826 2648 ζωγράφων
839 2562 875 2605 rc
902 2537 960 2646 uqi
983 2542 1142 2648 ταρεατῶν
1165 2564 1249 2605 παι-

182 2627 237 2694 σὶν
259 2653 293 2694 εν
314 2624 371 2718 ὕλῃ
394 2631 542 2736 φθαρτῇ
561 2631 681 2738 χειρῶν
695 2621 867 2710 εὐστοχίας
888 2625 947 2694 καὶ
970 2625 1091 2706 πόνους
1112 2621 1249 2694 νποδει-

180 2715 356 2801 κνυμένοις,
385 2715 464 2827 περὶ
504 2713 546 2782 τὰ
569 2714 690 2826 φλέβια
720 2713 843 2783 καὶτὰ
866 2713 973 2782 πτίλα
996 2715 1053 2782 καὶ
1076 2711 1133 2783 τὸν
1155 2719 1248 2799 χνοῦν

180 2805 238 2872 καὶ
261 2802 322 2886 τὰς
345 2803 500 2884 τοιαύτας
514 2803 726 2893 μικρολογίας
748 2802 960 2894 κατατρίβειν
976 2807 1033 2896 τῆς
1056 2804 1167 2894 τέχνης
1190 2802 1248 2896 τὴν

181 2889 223 2960 rin
243 2892 359 2981 ι’βειαν.

224 2921 241 2984 Q
287 2984 383 3068 Quod
417 2982 616 3050 monendum
640 2983 764 3051 videtur
787 2995 899 3052 contra
921 2987 1147 3050 Bluenmerum
1171 2983 1248 3068 (Ar

82 3128 84 3132 ,
186 3075 283 3138 chaol.
312 3073 440 3140 StudIeu
467 3095 508 3140 zu
529 3075 705 3158 Lucianp.
730 3073 800 3158 95),
827 3078 880 3160 qui
909 3093 981 3139 cum
1008 3077 1101 3138 unius
1123 3084 1247 3138 tantum

181 3160 306 3227 locide
333 3161 403 3229 aud.
428 3175 514 3266 poet.
537 3186 567 3249 p.
596 3177 644 3241 17.
671 3159 738 3247 1⁴22)
767 3164 912 3228 habuerit
939 3164 1104 3243 rationem,
1127 3161 1248 3226 Plutar-

182 3251 278 3316 chum
302 3263 405 3318 totum
428 3256 458 3317 in
480 3253 569 3318 Plinii
592 3264 696 3356 partes
719 3254 811 3317 ivisse
834 3249 1003 3316 contendit.

288 3340 352 3407 Sed
380 3342 474 3406 etiarn
504 3345 536 3406 in
568 3344 641 3427 ipsis
675 3342 770 3406 rebus
801 3361 880 3426 quas
914 3339 1084 3426 depingant
1114 3339 1248 3406 artifices

183 3444 303 3496 certum
344 3428 479 3496 modum
517 3429 754 3496 observandum
791 3451 869 3494 esse.
930 3431 1132 3516 Quamquam
1164 3432 1247 3495 enim

182 3518 367 3605 magnitudo
396 3518 554 3605 quaedam
583 3531 615 3584 et
642 3521 812 3584 sublimitas
844 3521 953 3605 pictori
981 3518 1162 3605 quaerenda
1191 3529 1247 3597 est,

183 3607 268 3692 quod
291 3629 358 3674 non
390 3611 494 3674 solum
516 3609 705 3674 Aristoteles
732 3607 788 3674 sed
817 3612 911 3674 etiam
934 3611 1001 3694 ipse
1023 3608 1125 3674 Nicias
1148 3610 1248 3692 pictor

289 3817 314 3884 1)
340 3821 372 3873 cf.
390 3823 487 3873 Mulier
524 3825 618 3877 Gesch.
638 3823 662 3879 d.
681 3823 793 3874 Theorie
819 3817 1248 3882 d.Kunst11.9.sqq.--De

182 3906 247 3941 voce
265 3879 343 3957 ἦθος.
375 3902 501 3959 quatenus
522 3895 554 3944 ad
572 3903 652 3944 artem
672 3900 778 3959 spectat,
798 3895 850 3948 vid.
868 3893 987 3958 Jahnium
1015 3892 1070 3948 in,
1074 3889 1247 3947 ,Berichted

181 3964 266 4019 silchs
286 3966 347 4020 Ges,
368 3965 392 4020 d
411 3967 453 4016 W.
475 3968 552 4022 1850
571 3962 677 4030 p.108
695 3971 770 4030 sqq.‘·

291 4035 433 4098 2)Nesci0
454 4051 499 4088 cur
522 4036 605 4088 dicat:
633 4035 788 4087 Plutarchus
813 4036 856 4084 vel
886 4032 1032 4099 quicunque
1060 4035 1134 4084 huius
1158 4032 1249 4098 scripti

182 4112 341 4157 auctorest.
378 4107 466 4159 Brunn
495 4124 598 4174 quoque
626 4109 650 4157 in
678 4107 805 4159 artificum
833 4107 939 4157 historia
965 4106 1057 4156 librum
1086 4107 1146 4156 citat
1174 4106 1248 4171 quasi

181 4177 468 4242 Pseudoplutarcheum
513 4181 608 4231 Adhuc
633 4194 709 4230 nemo
733 4193 823 4229 causas
849 4177 941 4244 attulit,
970 4177 1064 4242 quibus
1082 4179 1176 4227 librum
1197 4193 1248 4227 non

182 4263 238 4298 esse
257 4249 395 4314 genuinum
415 4252 638 4302 demonstraverit.
