3016 4794
662 381 703 442 29

150 575 257 639 ancilis
289 573 368 637 illius
401 572 493 636 coelo
523 569 639 656 delapsi
666 567 814 634 undecim
841 569 900 634 alia
923 569 997 633 ‘lecit
1020 589 1149 654 prorsus
1177 571 1216 633 si-

151 664 244 728 milia.
293 660 397 746 (Num.
428 675 475 738 13.
503 661 537 725 cl.
565 662 672 725 Brunn
704 659 744 722 K.
770 659 807 722 G.
832 657 854 722 Ι.
879 657 963 738 530.)
1009 659 1121 722 Hausit
1144 657 1216 724 Plu·

150 754 277 816 tarchus
313 772 331 814 e
369 750 523 815 Varrone.
594 747 711 829 (Peter,
745 745 794 810 die
830 747 965 830 Quellen
1002 745 1066 811 P.'s
1094 749 1124 810 in
1154 745 1216 811 den

150 839 257 926 Biogr.
281 837 308 902 d.
332 839 483 920 Roemer,
507 857 535 920 p.
564 837 650 914 167.)

255 929 400 1011 Denique
435 923 519 990 addo
553 927 682 992 nomina
716 925 974 990 architectorum:
1015 925 1129 988 Ictinus
1162 923 1213 1008 (cl.

148 1038 177 1102 p.
207 1014 260 1099 19)
285 1027 315 1080 et
340 1015 531 1096 Callicrates,
553 1015 761 1080 Parthenonis
784 1011 1013 1094 aedificatores
1045 1014 1215 1078 Coroebus

150 1105 334 1190 Metagenes
357 1105 518 1169 Xenocles
541 1105 690 1168 telesterii
718 1102 875 1184 Eleusinii,
902 1101 1067 1180 Mnesicles
1097 1121 1215 1187 propy-

153 1195 296 1258 laeorum
324 1202 549 1258 memorantur.
596 1187 678 1262 (Per.
714 1188 777 1268 13.)
834 1193 1007 1257 Stasicratis
1044 1213 1162 1256 nomen
1196 1212 1217 1255 a

151 1283 320 1346 Plutarcho
344 1281 413 1344 solo
436 1277 566 1344 traditur
590 1277 697 1364 (Alex.
715 1292 766 1355 72.
781 1276 820 1343 de
844 1279 894 1344 Al.
910 1278 952 1342 M.
969 1284 1027 1345 virt
1051 1302 1075 1344 S.
1088 1281 1157 1344 lort.
1176 1281 1214 1343 ll.

150 1391 181 1454 p.
208 1381 282 1446 335.
308 1365 374 1452 C.);
403 1370 585 1453 saepissime
616 1367 664 1432 ille
688 1365 862 1432 Alexandri
889 1369 995 1452 Magni
1026 1371 1216 1434 architectus

148 1467 285 1523 vocatur
307 1455 503 1534 Dinocrates,
535 1454 590 1520 sed
622 1459 820 1521 inveniuntur
849 1478 905 1520 sex
934 1456 1055 1522 diversa
1078 1459 1214 1522 hominis

147 1549 284 1611 nomina.
331 1548 380 1628 (cl.
404 1547 512 1610 Brunn
535 1543 573 1606 Κ.
598 1546 633 1608 G.
657 1545 694 1608 Il.
719 1544 810 1629 351.)

591 1803 683 1944 caps
699 1845 770 1924 ΠΙ.

546 1967 589 2034 ba
614 1967 798 2050 pictoribus.

249 2074 286 2138 In
306 2074 463 2158 pictorum
475 2093 609 2138 numero
630 2085 734 2139 aetate
748 2078 866 2160 primus
891 2084 938 2138 est
961 2074 1210 2159 Polygnotus.

147 2164 243 2228 Cuius
277 2183 375 2247 opera
410 2182 493 2246 quae
528 2175 758 2228 commemorat
793 2163 979 2228 Plutarchus
1014 2165 1120 2228 onmia
1154 2166 1211 2228 nisi

135 2252 232 2316 lallor
255 2253 323 2335 ipse
346 2247 431 2331 vidit,
452 2253 590 2335 primum
621 2251 749 2337 quidem
780 2255 915 2337 picturas
948 2272 1031 2336 quae
1064 2262 1151 2317 erant
1179 2255 1210 2317 in

144 2343 249 2405 lesche
274 2337 456 2405 Cnidiorum
479 2341 640 2424 Delphica.
694 2341 774 2405 Cum
803 2344 886 2406 enirn
921 2343 952 2405 in
987 2363 1027 2405 eo
1061 2362 1210 2406 sermone
1265 2349 1269 2357 '

148 2431 201 2512 qui
217 2439 264 2493 est
280 2428 320 2492 de
336 2426 460 2492 defectu
473 2431 683 2512 oraculorum,
701 2430 869 2515 loquentes
885 2451 905 2495 a
921 2431 1039 2514 templo
1055 2429 1211 2515 Apollinis

148 2520 304 2602 progressi
326 2517 454 2582 leschen
477 2520 643 2583 intrassent
666 2519 864 2604 multumque
881 2520 920 2582 ibi
945 2539 1016 2582 curn
1040 2520 1145 2583 amicis
1169 2518 1208 2583 de

148 2608 330 2690 quaestione
353 2607 401 2670 illa
426 2604 651 2685 disseruissent,
683 2606 876 2694 procedente
903 2609 1049 2672 oratione
1078 2628 1150 2672 cum
1178 2609 1209 2672 in

149 2693 304 2780 duplicem
319 2698 399 2760 ‘artis
423 2717 557 2779 operum
582 2717 710 2762 causam
733 2697 889 2763 incidisset
905 2718 1021 2773 sermo,
1038 2697 1207 2782 Polygnoti

147 2804 276 2868 quoque
299 2783 456 2848 excidium
479 2786 596 2850 Troiae
623 2785 753 2852 affertur
780 2786 963 2872 exemplum
994 2795 1209 2870 quattuorque

147 2875 270 2938 colores
293 2877 505 2952 nominantur,
539 2876 653 2959 quibus
684 2878 801 2961 antiqui
832 2875 870 2940 illi
897 2877 1035 2961 pictores
1062 2874 1209 2940 solebant

145 2963 286 3046 pingere,
311 2964 486 3047 citaturque
509 2976 674 3050 praeterea
700 2967 858 3050 inscriptio
887 2987 905 3028 a
929 2961 1091 3028 Simonide
1118 2965 1205 3028 lacta.

148 3046 202 3130 (de
227 3049 286 3114 dei.
318 3072 363 3116 or.
389 3073 418 3136 p.
444 3053 518 3130 436.
541 3051 591 3136 Β.)
638 3055 784 3138 Cumque
815 3049 990 3118 secundum
1018 3051 1207 3117 Pausaniam

147 3137 198 3203 illa
221 3141 340 3224 pictura
363 3139 547 3225 ingredienti
564 3143 655 3207 luerit
668 3141 789 3224 dextra,
802 3145 833 3206 in
846 3144 967 3206 sinistra
980 3141 1101 3205 lesches
1118 3152 1208 3225 parte
1320 3205 1323 3210 .

143 3227 310 3312 loquentes
333 3227 513 3294 consedisse
536 3228 620 3296 haud
644 3231 891 3316 improbabiliter
914 3232 1115 3293 coniciemus.

170 3349 173 3352 ·
249 3317 393 3383 Eandem
417 3340 486 3383 rem
509 3319 702 3405 Polygnotus
735 3323 832 3404 pinxit
860 3320 995 3384 Athenis
1022 3321 1053 3382 in
1079 3319 1204 3404 porticu

141 3425 225 3490 quae
249 3409 424 3472 vocabatur
456 3403 593 3495 ποικίλη
627 3431 691 3474 non
720 3419 847 3494 sumpto
877 3409 991 3474 laboris
1021 3410 1131 3494 pretio.
1179 3409 1208 3472 E

139 3504 296 3578 quattuor
319 3518 398 3581 quas
425 3496 595 3564 Pausanias
625 3497 700 3563 vidit
727 3501 855 3586 picturis
885 3496 999 3563 diserte
1022 3498 1202 3582 Polygnoto

137 3587 266 3648 tertiam
302 3588 409 3650 tribuit
444 3588 629 3653 Plutarchus
653 3589 729 3653 Cim.
755 3605 796 3668 4.,
829 3589 882 3652 ubi
917 3588 1022 3673 specie
1053 3584 1210 3651 Laodices

137 3673 255 3736 Priami
278 3674 360 3739 filiae
384 3675 546 3760 Elpinicen
570 3678 711 3743 Cimonis
738 3699 885 3743 sororem
908 3674 1106 3761 depinxerat.
1154 3673 1206 3737 Ex

134 3763 198 3826 hac
229 3764 367 3848 imagine
396 3765 523 3830 fluxisse
557 3769 781 3845 narrationem,
817 3788 889 3830 eam
924 3785 997 3829 cum
1025 3764 1205 3847 Polygnoto

134 3849 328 3917 adulterium
357 3857 546 3933 exercuisse,
578 3866 663 3920 recte
691 3864 799 3921 censet
827 3857 936 3919 Brunn
959 3853 999 3918 K.
1022 3853 1058 3916 G.
1083 3851 1118 3915 ll.
1148 3864 1204 3929 17,

133 3961 194 4006 nec
219 3954 356 4025 augetur
379 3941 466 4022 fides,
491 3945 578 4009 fonte
613 3947 665 4028 qui
697 3943 821 4009 videtur
844 3942 1001 4008 Plutarchi
1034 3941 1205 4006 constituto

131 4028 214 4095 Iuba
250 4051 327 4116 rege
356 4033 578 4099 Mauretaniae.
614 4035 661 4114 (cl.
694 4034 881 4119 Harpocrat.
915 4053 944 4096 v.
972 4023 1206 4114 Πολύγνωτος;

131 4118 236 4196 Riihl,
261 4118 312 4184 die
337 4123 472 4204 Quellen
496 4123 658 4189 Plutarchs
681 4125 724 4188 bn
747 4124 857 4188 Leben
881 4121 936 4186 des
954 4121 1069 4186 Cimon
1085 4120 1205 4204 Marbg.

137 4208 235 4285 1867.
261 4229 291 4294 p.
315 4211 382 4292 51)
429 4213 496 4278 Has
520 4234 649 4298 quoque
683 4215 819 4300 picturas
842 4209 1012 4279 Plutarcho
1048 4211 1104 4295 ipsi
1126 4210 1206 4271 *visu
