3016 4794
783 383 802 446 8

263 571 467 661 postulavitll,
491 584 598 640 tamen
614 571 792 640 cavendum
815 585 873 654 est,
895 596 937 640 ne
961 578 1067 661 imago
1090 575 1169 640 ultra
1193 572 1325 640 modum

263 666 308 730 rei
342 681 439 747 quam
471 662 598 748 effingat
636 660 822 748 egrediatur.
879 660 985 738 Quare
1020 675 1107 730 recte
1140 664 1326 730 Plutarchus

261 753 402 836 Lysippo
418 754 585 818 assentitur
606 754 794 836 vituperanti
815 751 971 838 Apellem,
994 751 1082 838 quod
1104 755 1129 818 is
1152 751 1325 819 Alexandri

261 841 397 925 effigiem
425 843 559 924 pinxerit
589 841 708 906 fulmen
739 844 883 918 tenentis,
914 863 986 907 cum
1014 845 1081 928 ipse
1108 844 1175 926 regi
1202 844 1326 908 hastam

261 933 293 996 in
319 950 448 996 manum
482 928 609 996 dederit.
655 932 756 996 Huius
789 933 873 996 enim
903 931 1046 1016 gloriam,
1078 945 1161 1015 quae
1189 951 1266 996 vera
1293 942 1326 996 et

262 1021 389 1107 propria
405 1021 443 1084 sit
462 1017 657 1100 Alexandro,
680 1039 844 1104 nunquam
859 1041 1060 1098 evanescere,
1084 1019 1202 1084 lulmen
1218 1029 1325 1086 autem

261 1129 326 1174 non
355 1106 467 1174 diutius
494 1111 525 1173 in
552 1129 648 1172 manu
684 1129 878 1185 mansurum,
912 1130 1008 1192 quam
1043 1105 1223 1174 adulatores
1250 1128 1325 1174 eum

261 1208 296 1263 ut
312 1198 396 1262 lovis
411 1197 507 1262 filium
524 1198 685 1262 celebrent
701 1195 752 1277 (de
768 1198 808 1262 Is.
827 1207 859 1262 et
875 1199 956 1262 Osir.
982 1220 1012 1282 p.
1029 1199 1105 1274 360.
1130 1196 1187 1278 D.)
1234 1199 1325 1280 Quae

260 1286 492 1352 narratiuncula
518 1307 559 1352 an
591 1308 633 1352 ex
662 1308 737 1351 vere
759 1287 842 1352 facto
875 1285 1049 1363 defluxerit,
1085 1295 1171 1351 certe
1195 1284 1325 1352 dubium

260 1387 318 1450 est,
341 1375 475 1440 sortasse
502 1397 520 1439 a
542 1375 733 1461 philosopho
762 1373 902 1457 quodam
930 1375 981 1439 vel
1009 1378 1147 1452 rhetore,
1171 1378 1196 1440 si
1218 1397 1326 1441 nona

261 1464 430 1529 Plutarcho
457 1467 537 1549 ipso,
566 1486 607 1528 ex
636 1464 755 1550 Apellis
783 1462 969 1529 Alexandro
997 1466 1194 1548 lulminigero
1223 1469 1324 1530 hasta-

261 1563 359 1638 toque
385 1553 514 1639 Lysippi
549 1551 688 1618 derivata
729 1563 776 1617 est
815 1551 855 1616 ad
884 1553 1005 1618 morale
1040 1552 1201 1638 quoddam
1235 1575 1325 1640 prae-

260 1653 386 1727 ceptum
404 1641 628 1718 illustrandum,
653 1640 683 1705 id
705 1639 790 1725 quod
807 1642 878 1706 facit
893 1651 1013 1722 noster,
1036 1661 1109 1706 cum
1124 1645 1252 1708 historia
1275 1644 1326 1708 illa

260 1731 393 1796 deorum
409 1733 549 1796 honores
562 1731 741 1795 hominibus
757 1751 822 1795 non
838 1751 907 1796 esse
919 1729 1083 1796 tribuenda
1095 1729 1324 1816 comprobet.²)

259 1821 432 1901 —Quare
455 1821 532 1883 sicut
556 1821 667 1884 ceteris
694 1821 726 1884 in
754 1821 849 1884 rebus
877 1821 908 1884 in
931 1821 1049 1885 artibus
1073 1840 1203 1904 quoque
1227 1841 1324 1885 omne

259 1910 389 1974 nimium
412 1918 444 1971 et
466 1907 710 1973 immoderatum
734 1906 895 1974 vitandum
920 1930 990 1974 esse
1019 1911 1062 1974 ait
1077 1930 1136 1973 nec
1159 1907 1325 1973 imitandos

259 1998 360 2063 malos
381 2000 562 2075 statuarios
586 2000 641 2082 qui
660 2017 795 2082 magnos
810 2018 847 2062 ac
871 1997 991 2063 validos
1015 2001 1117 2064 visum
1133 2001 1166 2062 iri
1182 1999 1325 2063 colossos

260 2093 381 2172 putent,
407 2089 431 2152 si
455 2109 511 2151 eos
535 2085 708 2152 admodum
733 2084 908 2152 divaricatis
938 2090 1080 2153 cruribus
1110 2086 1325 2173 distentosque

257 2188 289 2240 et
312 2179 434 2241 hiantes
457 2175 578 2260 fingant
601 2173 658 2258 (ad
679 2177 808 2260 princip.
832 2174 952 2243 inerud.
975 2199 1006 2261 p.
1033 2190 1104 2256 779.
1132 2177 1178 2255 F.)

367 2264 438 2329 Arri
461 2267 486 2328 si
509 2267 577 2348 quis
601 2262 641 2329 ad
665 2285 736 2330 eam
759 2286 795 2328 se
822 2265 1025 2351 applicaverit
1051 2275 1153 2332 totum
1184 2287 1218 2331 se
1250 2264 1325 2330 dare

260 2373 454 2436 omnemque
479 2373 611 2437 operam
645 2354 842 2438 multumque
877 2356 1030 2439 temporis
1063 2357 1093 2420 in
1129 2376 1192 2420 uno
1227 2376 1326 2440 opere

259 2439 462 2508 conficiendo·
478 2444 601 2506 absumi
619 2452 773 2528 oportere
790 2441 893 2519 docet,
917 2442 947 2507 id
960 2441 1046 2528 quod
1066 2446 1181 2509 summi
1200 2445 1324 2508 artificis

259 2531 342 2596 dicto
365 2531 532 2597 confirmat
543 2530 690 2597 Zeuxidis
701 2532 771 2599 Per.
788 2545 836 2610 13.
861 2531 901 2596 de
912 2536 1000 2597 amic.
1017 2534 1126 2598 multit.
1149 2555 1179 2618 p.
1197 2547 1250 2613 94.
1263 2528 1326 2611 F.3)

162 2661 163 2664 =
258 2619 370 2704 Neque
394 2622 476 2686 enim
495 2622 672 2686 facilitatem
688 2635 720 2687 et
739 2623 930 2687 celeritatem
954 2624 985 2687 in
1001 2621 1198 2688 conficiendo
1223 2642 1323 2707 opere

259 2718 448 2794 perpetuum
472 2711 628 2794 praebere
651 2712 808 2776 honorem
824 2722 920 2796 atque
937 2711 1207 2795 pulchritudinem,
1225 2713 1322 2772 immo

259 2813 385 2884 tempus
409 2809 441 2862 et
464 2796 656 2881 diligentiam
679 2802 710 2864 in
726 2798 878 2884 ponendo
897 2821 996 2884 opere
1011 2803 1210 2883 absumptam
1233 2797 1325 2880 pluri-

259 2909 347 2952 mum
381 2886 421 2952 ad
456 2888 588 2972 gloriam
623 2890 904 2972 aeternitatemque
940 2888 1092 2951 conferre.
1155 2888 1262 2969 Quare
1295 2887 1325 2949 in

256 2979 329 3042 aevi
351 2977 479 3042 Periclei
507 2977 666 3062 operibus,
700 2997 837 3061 quorum
870 2977 973 3064 gloria·
1002 2977 1033 3040 in
1061 2977 1168 3040 onmia
1196 2976 1324 3041 saecula

256 3087 465 3151 permansura
487 3068 535 3143 sit,
558 3068 620 3131 hoc
636 3069 774 3130 maxime
798 3065 936 3130 mirabile
955 3086 1035 3148 esse,
1054 3064 1141 3150 quod
1158 3076 1223 3130 tam
1236 3067 1325 3129 brevi

261 3159 416 3242 temporis
438 3158 539 3240 spatio
563 3157 623 3220 sint
645 3155 793 3240 perlecta.
1173 3211 1174 3218 ,

366 3246 469 3308 Recte
502 3255 609 3310 aulem
644 3245 793 3310 intellexit
825 3243 1021 3319 Plutarchus
1052 3264 1120 3308 non
1150 3242 1253 3306 solum
1286 3238 1325 3306 ad

259 3331 485 3416 perficiendum
509 3354 620 3398 verum
644 3336 737 3398 etiam
754 3331 795 3398 ad
811 3342 896 3398 recte
915 3330 1144 3398 aestimandum
1162 3330 1326 3396 artificium

257 3420 367 3485 artifici
398 3431 543 3507 tempore
574 3443 655 3508 opus
684 3444 762 3487 esse.
809 3424 919 3504 Quare
954 3419 1060 3486 laudat
1092 3423 1237 3504 pictores,
1274 3423 1326 3504 qui

258 3510 397 3576 tabulam
410 3513 589 3596 priusquam
600 3511 777 3587 absolvant,
786 3533 844 3596 per
852 3509 1013 3575 intervalla
1021 3511 1174 3594 temporis
1185 3520 1327 3574 contem·

258 3599 384 3684 plentur
406 3602 512 3684 itaque
534 3620 607 3664 curn
640 3602 741 3666 visum
771 3600 930 3685 paulisper
959 3599 1000 3661 ab
1028 3619 1068 3662 ea
1094 3595 1259 3676 abducant,
1284 3601 1328 3662 in·

263 3687 442 3774 spiciendae
465 3689 591 3753 tabulae
613 3686 759 3754 iudicium
784 3709 894 3754 recens
918 3684 1062 3764 reddant,
1087 3689 1131 3752 ita
1153 3699 1189 3751 ut
1212 3691 1327 3772 exigua

261 3799 391 3864 quoque
415 3777 591 3846 discrimina
613 3780 771 3863 reperiant
799 3779 1032 3864 corrigantque,
1065 3797 1149 3862 quae
1180 3780 1329 3842 continua

370 4024 394 4090 1)
415 4027 524 4076 Demetr
556 4022 659 4078 Phaler.
678 4026 710 4076 de
729 4028 824 4079 elocut.
844 4024 886 4084 76.

369 4093 395 4162 a)
414 4097 448 4149 cl.
468 4097 500 4148 ad
520 4096 630 4161 princip.
650 4097 745 4150 inerud.
766 4113 791 4162 p.
812 4094 871 4153 780,
891 4097 922 4148 F.

370 4165 396 4234 3)
414 4168 499 4218 Simile
518 4167 619 4232 Apellis
639 4168 734 4220 dictum
752 4168 861 4222 traditur
877 4165 1030 4264 who
1051 4164 1192 4216 Plutarcho
1212 4161 1328 4227 ascripto

258 4238 289 4287 de
309 4238 355 4290 lib.
375 4239 454 4294 educ.
473 4253 531 4302 cap.
552 4239 600 4296 IX,
621 4254 646 4302 p,
667 4247 691 4298 7.
712 4242 746 4292 A.
867 4258 872 4263 ·
