3016 4794
646 369 687 430 33

242 562 329 627 Idem
353 564 384 625 in
409 561 531 643 Scyllae
557 558 663 621 tabula
686 560 787 642 pisces
811 578 934 621 summa
948 577 1019 621 cum
1044 555 1200 641 diligentia

136 667 232 738 atque
267 663 334 716 arte
357 649 506 734 depinxit,
540 668 602 731 qua
634 649 665 710 in
689 668 731 722 re,
767 657 801 710 ut
824 648 866 710 ait
889 644 1087 719 Plutarchus,
1111 639 1187 724 ἔδοξ
1201 689 1205 694 -

137 743 184 827 τῷ
208 735 317 804 πάθει
339 737 463 821 μᾶλλον
486 729 506 825 ἢ
528 733 621 821 τέχνῃ
643 736 836 822 κεχρῆσθαι·
860 728 956 820 φύσει
980 728 1039 819 γάρ
1063 722 1101 820 ἧν
1124 727 1202 820 φίλ-

138 827 258 916 οψοςδ)
310 828 433 912 (Symp.
474 826 528 890 Ill.
567 839 595 888 2.
625 845 654 908 p.
690 824 766 898 665.
798 824 836 886 D.
862 823 916 887 lV.
942 837 972 900 4.
995 845 1025 907 p.
1050 822 1125 888 668.
1152 819 1200 904 (Σ.)

137 919 321 1002 Desumpsit
344 919 406 980 hoc
430 937 471 978 ex
487 913 675 989 Polemone,
699 915 777 976 sicut
793 911 978 976 Athenaeus
992 910 1076 976 VIII.
1088 912 1201 990 341.A

135 1006 255 1071 Preller
304 1005 372 1069 Pol.
420 1006 455 1068 lr.
500 1026 529 1087 p.
582 999 665 1084 107.)
726 1001 841 1066 Utrum
881 1000 982 1085 Scylla
1019 999 1200 1064 Nicomachi

135 1096 222 1175 (Plin.
251 1108 302 1170 35.
338 1095 423 1173 109.)
468 1103 501 1154 et
535 1091 730 1155 Phalerionis
768 1090 880 1172 (143.)
918 1100 1093 1154 monstrum
1129 1087 1203 1152 illud

136 1183 302 1267 Odysseae
326 1202 368 1244 an
391 1181 455 1245 Nisi
479 1180 539 1242 lilia
563 1181 654 1242 luerit
678 1176 806 1242 dubium
832 1189 888 1242 est.

243 1271 317 1332 Alio
341 1267 440 1332 modo
468 1289 505 1332 ac
529 1267 644 1330 Zeuxis
668 1275 699 1330 et
722 1267 905 1330 Parrhasius
934 1266 973 1331 de
998 1277 1066 1331 arte
1090 1268 1202 1330 merita

138 1366 185 1419 est
209 1359 426 1440 Sicyoniorum
450 1360 607 1440 pictorum
629 1357 746 1419 schola.
793 1357 843 1420 De
868 1357 997 1435 ratione,
1021 1376 1102 1438 quae
1122 1357 1202 1419 inter

138 1455 290 1529 utrosque
328 1446 551 1524 intercedebat,
589 1445 624 1508 cs.
653 1446 762 1508 Brunn
800 1446 838 1508 K.
873 1444 909 1506 G.
940 1445 974 1507 ll.
1024 1457 1095 1520 130.
1135 1465 1201 1527 sqq.

139 1535 192 1595 W.
217 1534 341 1616 Helbig,
366 1534 501 1609 „Zeuxis
524 1531 588 1597 und
605 1533 808 1597 Parrhasius“
831 1535 861 1596 in
884 1531 920 1596 N.
934 1533 1039 1617 Jahrb.
1054 1533 1072 1595 f.
1092 1532 1200 1595 Philol.

144 1621 234 1686 1867.
260 1644 289 1706 p.
309 1623 382 1700 648.
409 1644 476 1706 sqq.
513 1623 729 1698 *Wustmann
759 1623 841 1698 „Die
869 1623 1067 1704 sicyonische
1090 1621 1202 1685 Maler-

139 1710 268 1772 schule“
299 1713 326 1774 111
360 1709 394 1774 N.
423 1712 535 1774 Rhein.
564 1712 643 1776 Mus.
672 1711 788 1776 XXIII.
817 1708 939 1792 (1868.)
968 1732 997 1795 p.
1031 1723 1105 1789 451).
1135 1730 1201 1793 sqq.

137 1797 296 1862 Michaelis
320 1802 350 1862 111
374 1800 541 1864 Archaeol.
558 1801 690 1883 Zeitung
705 1800 855 1863 XXXIII.
880 1799 999 1877 (1875.)
1023 1819 1051 1882 p.
1065 1813 1117 1877 30.
1136 1820 1202 1884 sqq.

244 1888 294 1951 De
322 1890 440 1971 pictura
470 1887 605 1971 Sicyone
633 1889 766 1952 florente
795 1888 932 1972 loquitur
961 1887 1144 1952 Plutarchus
1172 1891 1203 1950 in

139 1977 189 2038 vit.
215 1975 304 2038 Arat.
329 1997 354 2040 c.
386 1992 432 2054 13.
458 1978 546 2041 101110
568 1997 643 2041 usus
667 1974 751 2041 haud
775 1973 1009 2040 contemnendo
1022 1976 1203 2040 Polemonis

139 2064 219 2126 libro
243 2084 339 2147 quem
362 2069 481 2150 scripsit
510 2064 550 2129 de
577 2065 691 2131 tabulis
721 2067 890 2172 Sicyoniis:
920 2061 1052 2147 (Preller
1080 2085 1109 2148 p.
1138 2066 1203 2143 47.)

131 2141 254 2214 Ἤνθει
283 2147 344 2258 γάρ
372 2147 423 2216 ἔτι
452 2148 530 2233 δάξα
554 2155 611 2240 τῆς
634 2158 816 2229 Σικυωνιας
842 2147 965 2240 μοι’·σης
987 2149 1044 2216 καὶ
1067 2171 1205 2240 χρηστο-

138 2235 288 2328 γραφίας,
320 2264 364 2316 ως
386 2236 486 2328 μάνης
509 2233 720 2329 ἀδιάφθορον
743 2237 875 2329 ἐχούσης
909 2237 946 2305 τδ
974 2236 1082 2321 καλὸν,
1121 2233 1206 2304 ὥστε

140 2325 195 2392 καὶ
219 2319 380 2418 Ἀπελλῆν
407 2327 529 2395 ἐκεῖνον
563 2321 624 2419 ἤδη
647 2326 897 2413 θαυμαζόμενον
920 2321 1109 2417 ἀφικέσθαι
1148 2327 1206 2394 καὶ

142 2414 353 2502 συγγενέσθαι
379 2421 447 2495 τοῖς
470 2410 629 2503 άνδράσιν
652 2416 712 2483 ἐπὶ
740 2414 899 2504 ταλάντῳ.
946 2419 1104 2483 Aristrato
1133 2439 1205 2483 cum

145 2526 232 2570 curru
261 2518 293 2570 01
316 2508 456 2572 Victoria
483 2508 642 2592 pingendo
678 2529 749 2573 cum
774 2508 945 2573 Melanthio
968 2507 1019 2570 vel
1042 2507 1205 2570 Melantho

146 2603 180 2658 ut
215 2594 285 2660 dicit
323 2597 507 2661 Plutarchus
545 2598 674 2682 Apelles
724 2618 854 2682 quoque
896 2617 1027 2681 operam
1068 2598 1205 2661 navavit.

144 2683 316 2748 Aristratus
333 2685 463 2770 Philippi
478 2686 660 2751 Macedonis
683 2695 787 2751 aetate
799 2689 935 2769 Sicyone
958 2695 1024 2748 erat
1046 2695 1206 2769 tyrannus,

141 2784 172 2836 et
205 2783 271 2836 tum
303 2774 433 2859 Apelles
466 2773 601 2858 Sicyone
633 2773 780 2840 discebat.
831 2771 924 2839 Unde
947 2784 1054 2837 autem
1080 2794 1121 2837 ex
1144 2776 1206 2836 hoc

141 2862 212 2926 loco
246 2863 407 2947 collegerit
431 2864 623 2928 Wustmann
652 2865 671 2927 l.
700 2885 726 2928 c.
758 2886 788 2948 p.
813 2863 897 2942 464,
926 2862 1075 2947 Apellem
1107 2863 1206 2946 gloria

139 2953 304 3035 Sicyoniae
335 2953 463 3017 scholae
487 2953 579 3018 Arati
610 2963 714 3018 aetate
745 2953 880 3018 florente
907 2962 1104 3015 commotum
1134 2972 1205 3014 esse

142 3037 181 3103 ad
205 3061 278 3104 eam
294 3039 467 3117 visendam,
493 3063 563 3106 cum
577 3043 708 3127 Apelles
730 3039 931 3106 iamdudum
952 3049 1096 3104 mortuus
1112 3050 1204 3115 esset,

141 3151 276 3214 eamque
300 3133 342 3193 ob
367 3151 495 3194 causam
519 3152 651 3216 gravem
674 3133 840 3195 iniunxerit
864 3130 1032 3193 Plutarcho
1064 3149 1205 3193 errorem

140 3219 191 3281 vel
214 3221 306 3283 tironi
330 3222 537 3303 perspicuum,
560 3219 742 3302 intellegere
765 3240 831 3284 non
854 3239 994 3302 possum.

246 3308 404 3371 Tabulam
427 3308 510 3371 illam
533 3307 652 3372 Aratus
675 3308 808 3372 liberata
829 3309 910 3370 urbe
933 3318 967 3370 ut
991 3316 1058 3370 erat
1087 3298 1207 3390 πικρὸς

140 3390 374 3482 μισοτύραννος
387 3394 490 3482 (Arat.
509 3393 572 3481 10.)
597 3418 669 3461 cum
694 3394 800 3460 delere
823 3396 928 3472 vellet,
944 3393 1065 3460 Nealcis
1081 3397 1207 3480 pictoris

141 3487 286 3568 precibus
316 3496 495 3550 commotus
527 3507 653 3550 currum
684 3496 715 3549 01
747 3487 919 3551 Victoriam
951 3486 980 3547 ei
1007 3484 1209 3564 condonavit,

142 3572 332 3639 Aristratum
364 3585 471 3639 autem
503 3577 651 3639 exstinxit
675 3575 808 3639 Nealces
840 3575 1042 3658 palmamque
1074 3594 1134 3656 pro
1167 3594 1207 3636 eo

141 3663 268 3727 tabulae
307 3665 472 3747 imposuit:
517 3658 653 3749 φοίνικα
690 3658 790 3745 μόνον
829 3658 1012 3746 ἐνέγραψεν,
1052 3649 1131 3724 άλλο
1171 3659 1207 3722 δὲ

142 3741 234 3815 οὐδὲν
261 3746 418 3838 ἐτόλμησε
446 3752 661 3838 παραβαλεῖν.
711 3751 824 3836 Neque
852 3754 935 3814 enim
965 3770 1037 3813 cum
1066 3750 1207 3813 Brunnio

253 3925 278 3996 1)
298 3930 330 3986 cl.
349 3931 439 3996 Symp,
458 3929 507 3985 lv,
525 3944 552 3992 4.
572 3947 598 3996 p,
618 3927 678 3986 664,
691 3929 721 3984 F.
740 3923 846 3978 πολλῶν
855 3921 945 3977 ὄντων
957 3919 1036 3992 ὄψων
1047 3925 1208 3986 ἐκνενίκηκεν

141 3997 153 4049 ἱ
177 3995 252 4062 lydis
268 3995 354 4066 μόνον
381 3996 398 4065 ἢ
415 3993 529 4068 μάλιστά
551 4019 580 4068 γε
597 3995 670 4066 ὄψον
688 3994 835 4048 καλεῖσθαι·
855 4001 908 4047 Καὶ
921 3992 976 4079 Δγάρ
997 3983 1154 4064 άψοφάγονς
1165 3996 1207 4044 καὶ

142 4066 271 4138 φιλόψους
280 4067 388 4140 λέγομεν
401 4113 408 4126 .
420 4112 443 4128 .,
457 4066 518 4123 τοδε
536 4075 595 4139 περὶ
612 4066 663 4134 τήν
680 4065 863 4132 ἰχθυοπωλίαν
881 4056 1056 4118 ἀναδιδόντας
1073 4059 1206 4118 ἑκάστοτε.
1225 4109 1226 4114 ,

141 4171 177 4181 -
197 4146 338 4194 Glaucetas
369 4151 394 4193 11
426 4143 566 4208 lllorychus
597 4130 767 4209 ὀψωνοῦντες
798 4156 840 4205 ap,
870 4140 1002 4204 Aristoph.
1036 4139 1098 4189 Pac.
1131 4131 1207 4192 1008,

142 4215 208 4272 Ach,
229 4211 289 4274 877,
309 4231 330 4272 c,
349 4211 443 4271 scholl

997 4307 1012 4359 3
