3016 4794
256 1530 372 1670 Quae
394 1577 434 1650 de
454 1586 566 1650 artium
587 1583 713 1646 historia
735 1579 819 1668 apud
840 1585 1008 1668 scriptores
1027 1594 1152 1648 veteres
1168 1585 1211 1648 in·

150 1677 324 1757 veniuntur,
346 1676 462 1760 passim
485 1673 638 1758 pleraque
667 1680 699 1734 et
727 1669 865 1758 dispersa
893 1673 1058 1757 multoque
1087 1675 1213 1758 saepius

148 1765 187 1831 ad
223 1767 314 1830 aliam
347 1786 415 1828 rem
450 1783 547 1848 quam
582 1759 623 1824 ad
657 1761 771 1824 artium
805 1763 965 1826 historiam
1000 1760 1211 1827 illustrandam

148 1853 262 1919 tradita
292 1863 371 1918 suut.
427 1851 523 1934 Quod
561 1871 627 1914 non
660 1849 762 1913 solum
800 1848 840 1914 de
879 1851 1073 1935 philosophis
1106 1872 1211 1916 rerum

150 1944 353 2028 scriptoribus
375 1943 478 2025 poetis
500 1940 646 2024 sophistis
674 1940 852 2002 rhetoribus
880 1937 1045 2004 dicendum
1073 1950 1129 2016 est,
1155 1939 1210 2004 sed

152 2034 246 2094 etiam
270 2033 321 2114 qui
345 2027 384 2092 de
407 2039 473 2093 arte
496 2039 591 2114 atque
606 2027 775 2092 artificibus
791 2026 930 2092 dicturos
946 2051 980 2092 se
997 2050 1067 2091 esse
1082 2029 1210 2113 profite-

152 2122 273 2199 bantur,
296 2118 436 2203 plerique
458 2139 522 2182 non
545 2115 575 2180 id
599 2118 745 2202 agebant,
769 2126 803 2180 ut
826 2119 938 2181 artium
960 2119 1120 2181 historiam
1137 2138 1210 2182 con-

148 2209 327 2272 scriberent.
389 2207 466 2270 Erat
511 2208 594 2270 enim
637 2205 799 2270 Vitruvius
839 2228 880 2270 ex
917 2209 989 2290 ipsis
1029 2206 1210 2285 artificibus,

146 2297 316 2362 Pausanias
339 2297 509 2380 periegeta,
532 2299 585 2380 qui
608 2317 650 2359 ne
672 2292 793 2358 viderat
817 2294 945 2380 quidem
969 2307 1000 2360 et
1013 2308 1211 2382 cognoverat

146 2407 229 2470 quae
264 2387 442 2461 enarravit,
489 2384 578 2448 Plinii
621 2405 700 2448 vero
740 2382 779 2448 de
822 2387 940 2449 artibus
981 2395 1090 2450 notata
1137 2387 1211 2450 nihil

145 2477 202 2538 nisi
226 2495 297 2558 pars
320 2476 454 2558 ingentis
482 2473 560 2536 illius
585 2475 669 2537 orbis
704 2470 866 2538 doctrinae
900 2484 973 2538 sunt
1002 2485 1067 2538 tam
1102 2477 1209 2539 variae

144 2585 248 2648 paene
257 2582 353 2647 quam
364 2572 474 2626 natura
485 2572 532 2626 est
542 2564 615 2647 ipsa.
639 2563 747 2644 Quare
759 2560 833 2647 quid
846 2563 978 2648 quisque
989 2565 1019 2626 in
1027 2565 1209 2627 universum

146 2651 186 2716 de
209 2654 328 2716 artibus
355 2653 487 2715 senserit
519 2671 584 2735 quo
619 2652 749 2716 consilio
780 2654 892 2734 quibus
924 2673 965 2716 ex
993 2653 1130 2716 lontibus
1159 2675 1209 2736 res

144 2745 205 2805 huc
237 2743 431 2826 pertinentes
465 2737 626 2803 tradiderit
661 2739 824 2824 diligenter
861 2739 1106 2806 examinandum
1139 2763 1209 2806 esse

144 2831 233 2894 multi
265 2832 321 2896 viri
349 2827 434 2893 docti
464 2831 636 2892 rectissime
666 2841 866 2895 monuerunt.
911 2830 978 2895 Nec
1005 2828 1128 2906 desunt,
1157 2834 1210 2915 qui

145 2921 216 2983 huic
238 2922 283 2982 rei
306 2939 437 3003 operam
460 2928 668 2996 navaverunt,
707 2920 856 3004 imprimis
889 2917 929 2983 de
952 2919 1039 2983 Plinii
1071 2921 1209 2984 fontibus

147 3027 231 3069 nova
268 3007 424 3092 permulta
464 3009 637 3092 graviaque
674 3009 859 3073 invenerunt
895 3009 933 3071 Ο.
969 3009 1059 3092 Jahn,
1092 3010 1209 3088 Brunn,

147 3095 285 3178 Brieger,
301 3096 475 3176 Sebreiber,
488 3097 716 3181 Furtwangler‚
734 3095 773 3161 de
788 3099 932 3162 Luciano
942 3095 1034 3160 docte
1051 3107 1083 3159 et
1097 3107 1208 3181 argute

146 3185 210 3268 egit
225 3183 404 3260 Bluemner,
429 3181 468 3247 de
484 3185 637 3250 Pausania
654 3206 732 3250 vero
757 3188 851 3250 etiam
875 3207 957 3250 nunc
975 3188 1060 3270 viget
1082 3197 1207 3251 contro-

146 3275 255 3337 versia.
306 3272 418 3338 Paucis
441 3282 560 3338 tantum
584 3276 704 3359 paginis
727 3275 878 3339 nonnulla
905 3275 1092 3359 scriptorum
1117 3297 1208 3360 grae-

147 3359 288 3440 corum1)
313 3359 353 3426 de
376 3363 495 3426 artibus
511 3362 622 3427 iudicia
637 3367 792 3427 recensuit
808 3363 845 3426 L.
864 3360 1088 3428 Friedlaender
1104 3386 1209 3450 progr.

145 3449 233 3516 acad.
257 3452 382 3538 Regim.
410 3452 495 3519 1866
518 3451 571 3517 Nr.
594 3452 661 3529 IV,
684 3453 737 3516 ubi
760 3453 916 3517 Plutarchi
949 3473 1078 3538 quoque
1100 3455 1209 3517 habuit

145 3543 308 3606 rationem.
356 3543 450 3606 Cuius
479 3542 639 3626 scriptoris
669 3542 757 3606 locos
784 3545 846 3606 huc
868 3544 1062 3626 pertinentes
1085 3542 1209 3626 collegit

115 3702 118 3708 ,
144 3633 175 3693 in
200 3632 301 3714 capita
316 3628 443 3714 digessit
459 3633 596 3694 breviter
619 3632 840 3717 interpretatus
863 3640 910 3694 est
924 3631 950 3714 J.
968 3631 1002 3694 F.
1019 3631 1142 3707 Pacius,
1167 3651 1208 3693 ex

143 3718 301 3781 Plutarchi
312 3721 461 3802 operibus
472 3729 621 3804 excerpta
632 3741 712 3804 quae
723 3719 763 3784 ad
775 3729 858 3784 artes
866 3728 1009 3804 spectant
1019 3719 1101 3802 Lips.
1116 3719 1206 3793 1805.

146 3804 209 3869 Sed
233 3808 264 3870 in
287 3808 348 3869 hoc
372 3807 452 3870 libro
481 3809 555 3870 nihil
582 3811 722 3874 invenies
757 3811 813 3871 nisi
841 3807 983 3872 locorum
1015 3807 1207 3886 congeriem,

143 3915 203 3956 nec
238 3893 321 3958 illam
357 3892 485 3978 quidem
514 3901 669 3975 omnium,
708 3898 890 3982 praesertim
926 3913 997 3958 cum
1013 3924 1016 3930 ·
1033 3894 1207 3978 fragmenta

252 4086 275 4150 t)
313 4088 419 4140 Praeter
438 4091 605 4142 Plutarchum
624 4092 743 4155 Dionysii
769 4088 1005 4140 Halicarnassensis
1022 4090 1132 4156 Longini
1152 4107 1207 4142 ora·

140 4159 399 4296 gorgrpzagtpcoppgn.
447 4165 480 4215 cl.
512 4162 709 4226 Darstellungen
742 4178 765 4212 a.
790 4161 813 4209 d.
845 4159 1016 4225 Sitteugesch.
1046 4163 1126 4212 Roms
1157 4157 1207 4214 111⁵

995 4329 1009 4377 l
