3016 4794
697 397 718 462 5

173 589 263 678 quod
285 587 498 677 praecedente
521 589 654 656 Platone
682 590 813 672 exponit
841 585 881 654 de
904 589 973 653 lort.
996 607 1026 673 p.
1051 587 1168 669 99A,
1199 590 1240 652 ita

171 683 216 746 in
212 677 397 745 iudicandis
425 699 553 766 quoque
582 677 698 744 artium
726 678 875 781 operibus
905 687 1047 742 mentem
1070 677 1239 780 plurimum

171 789 268 873 posse
309 787 367 832 nec
402 769 545 833 sulficere
584 767 670 832 solos
708 769 851 852 corporis
889 783 1011 847 sensus,
1045 768 1098 851 qui
1133 768 1240 831 omnia

172 861 239 923 sine
273 854 411 942 quadam
455 855 643 922 discretione
682 863 715 918 et
751 852 866 920 iudicio
905 857 1065 941 recipiant,
1096 857 1236 940 exponit.

171 945 329 1030 (Demetr.
373 949 413 1009 ι.)
465 947 573 1051 Quare
611 940 896 1054 Cyrenaeorum1)
920 942 1095 1009 doctrinam
1134 943 1240 1009 laudat

172 1037 294 1100 reiectis
314 1035 487 1140 Epicureis,
501 1027 557 1142 μὴ
573 1029 658 1138 περὶ
682 1025 741 1140 τὴν
764 1021 848 1140 dum
866 1022 952 1097 εἶναι
957 1029 1059 1140 μηδὲ
1081 1028 1159 1117 περὶ
1183 1026 1241 1142 τὴν

169 1115 283 1230 ἀκοήν,
314 1113 398 1186 ἀλλὰ
433 1119 529 1229 περὶ
545 1115 618 1229 τὴν
639 1113 828 1185 διάνοιαν
811 1121 904 1208 ημῶν
930 1115 969 1187 τὸ
991 1114 1197 1211 ἡδόμενον’
1181 1119 1238 1186 επὶ

169 1214 242 1290 τοῖς
264 1203 450 1292 ἀκούσμασι
473 1207 531 1274 καὶ
554 1204 732 1291 θεάμασιν.
788 1207 907 1296 (Symp.
933 1211 973 1276 V.
1005 1226 1017 1275 l
1044 1231 1072 1296 p.
1096 1212 1163 1289 674
1185 1211 1238 1273 An

172 1302 310 1404 Atque
304 1321 335 1364 ιιι
358 1320 400 1363 eo
428 1300 507 1363 libro
531 1317 596 1383 quo
625 1296 862 1364 demonstrabat
884 1319 925 1363 ne
948 1301 1088 1365 suaviter
1111 1297 1237 1384 quidem

172 1392 236 1452 vivi
258 1409 354 1473 posse
377 1386 551 1454 secundum
568 1387 694 1471 Epicuri
716 1397 895 1473 praecepta,
917 1385 1080 1473 Epicureis
1103 1391 1240 1474 graviter

173 1479 362 1563 exprobrat,
399 1475 484 1560 quod
524 1496 621 1540 omne
658 1475 823 1578 pulchrum
864 1486 1070 1542 contemnant
1102 1477 1239 1562 nihilque

172 1577 356 1652 agnoscant,
379 1567 435 1629 nisi
458 1564 545 1650 quod
569 1566 695 1649 corpori
706 1563 917 1667 voluptatem
940 1564 1060 1632 afferat.

281 1656 321 1719 H
314 1677 338 1720 rs
353 1657 383 1718 iu
396 1656 579 1719 universum
591 1654 771 1738 praemissis
782 1657 959 1720 accuratius
975 1675 1059 1740 quae
1075 1651 1115 1718 de
1128 1656 1238 1719 artium

172 1741 319 1829 pingendi
349 1739 550 1828 fingendique
578 1751 692 1808 natura
720 1761 758 1806 ac
789 1745 910 1808 ratione
943 1747 1076 1809 senserit
1099 1753 1239 1808 contem·

173 1833 304 1919 plentur.
353 1830 530 1897 Dicendum
563 1833 700 1916 primum
735 1841 782 1895 est
810 1829 887 1896 de
880 1834 914 1896 ris
942 1833 1027 1935 locis,
1063 1833 1177 1940 quibus
1200 1831 1240 1896 de

174 1923 287 2006 duplici
312 1923 557 2005 uniuscuiusque
585 1923 698 1984 artium
728 1921 849 1985 illarum
872 1924 978 2006 operis
1001 1942 1095 1987 causa
1118 1915 1239 2001 (αἰτία)

174 2011 307 2085 disserit,
335 2011 501 2075 Platonem
533 2019 568 2072 ut
601 2012 669 2095 ipse
701 2007 772 2072 dicit
803 2007 915 2074 ducem
940 2023 1075 2086 secutus,
1110 2010 1239 2074 Anaxa·

173 2119 286 2184 goram
303 2094 574 2184 impugnantemb,
600 2097 719 2183 quod
711 2118 741 2162 m
764 2101 893 2164 materia
917 2100 986 2164 sola
999 2119 1109 2166 causas
1132 2117 1238 2163 rerum

174 2190 322 2273 posuerit
369 2187 488 2252 Contra
522 2207 560 2252 ea
584 2185 768 2252 Plutarchus
802 2186 843 2251 de
878 2186 936 2252 del.
967 2209 1013 2253 or.
1043 2209 1072 2274 p.
1097 2186 1238 2269 436A,

173 2276 213 2340 de
237 2278 327 2363 Pyth.
351 2298 398 2341 or.
423 2297 452 2360 p.
471 2291 537 2355 404
561 2276 595 2341 C.
598 2271 772 2357 3>duabus
795 2279 896 2341 causis
912 2278 961 2342 illa
984 2297 1084 2364 opera
1102 2279 1237 2342 existere

173 2365 378 2446 demonstrat,
412 2366 518 2446 altera,
552 2383 635 2450 quae
670 2369 701 2430 in
735 2368 867 2431 materia
894 2368 953 2432 sita
976 2369 1022 2447 sit,
1057 2377 1091 2430 ut
1125 2364 1237 2452 lapide,

173 2456 267 2538 ligno,
291 2476 375 2540 aere,
399 2455 493 2530 lerro,
516 2456 598 2538 igne,
627 2456 803 2540 pigmentis,
831 2456 930 2521 altera
953 2455 1049 2538 longe
1076 2465 1237 2540 praestan-

174 2546 265 2618 tiore,
288 2563 349 2628 qua
369 2542 420 2608 illa
435 2554 625 2607 moveantur
644 2547 775 2629 eiusque
799 2544 996 2611 voluntatem
1019 2554 1052 2608 et
1075 2544 1235 2608 consilium

174 2634 362 2718 exprimant,
391 2633 511 2696 ratione
539 2634 674 2698 hominis
703 2645 798 2718 atque
827 2644 904 2714 arte,
938 2653 1021 2718 quae
1050 2635 1118 2697 vice
1145 2653 1238 2698 versa

173 2720 214 2786 ad
237 2719 404 2786 formanda
426 2742 466 2786 ea
488 2741 569 2806 quae
593 2722 666 2786 velit
689 2724 819 2787 materia
841 2733 943 2807 egeat.
989 2723 1097 2804 Quare
1120 2723 1236 2807 ubique

170 2813 265 2896 signis
299 2810 476 2894 tabulisque
515 2831 632 2875 nomen
668 2814 805 2876 auctoris
847 2814 1029 2896 inscriptum
1065 2833 1146 2888 esse,
1179 2833 1237 2875 nec

171 2903 238 2964 eius
261 2900 383 2984 gloriae
406 2899 569 2963 materiam
594 2902 698 2985 operis
721 2901 785 2965 ullo
812 2900 912 2965 modo
936 2903 1125 2966 obtrectare.
1173 2898 1236 2964 Sed

172 2998 257 3052 recte
285 2990 427 3074 exponit,
459 3009 548 3052 suam
576 3009 738 3074 quamque
752 3033 754 3038 -
768 2992 931 3055 materiam
955 2991 1073 3055 habere
1097 2991 1236 3074 proprie-

174 3085 282 3153 tatem,
321 3097 416 3161 quam
459 3079 585 3162 imagini
618 3098 750 3163 quoque
785 3076 890 3159 addat,
922 3076 1006 3142 uude
1041 3077 1236 3142 diversitates

172 3167 308 3231 existant
332 3163 504 3231 earundem
521 3169 691 3250 imaginum
715 3189 734 3232 e
757 3165 881 3231 diversa
903 3169 1033 3231 materia
1055 3167 1236 3231 effictarum.

173 3253 228 3337 (de
253 3255 341 3340 Pytlt.
367 3275 447 3319 orac
470 3276 502 3341 p
527 3269 594 3335 404
618 3252 703 3336 CA)
730 3256 812 3319 Cum
835 3257 894 3320 bac
918 3257 1128 3340 explicatione
1152 3257 1237 3321 lutat

282 3396 355 3480 tlcl.
376 3396 465 3481 Diogn
475 3397 562 3451 Laert
585 3397 619 3449 11.
639 3393 664 3448 8.
684 3404 719 3453 90
737 3391 890 3478 is'yondim
914 3395 1063 3464 (Cyrenaei)
1080 3393 1147 3463 μηδὲ
1170 3416 1236 3448 uara

171 3462 300 3549 utrina
270 3486 330 3547 την
339 3461 465 3546 οόασινῆ
482 3489 533 3552 την
549 3457 632 3533 duona)
650 3466 773 3536 γίιεσθιιι
782 3463 894 3563 ἡὸριάς’
918 3465 975 3520 ardu
970 3465 1071 3550 γοῦν
1070 3471 1237 3535 ιιιμοιιιιένωι

171 3533 290 3605 dodanus
316 3513 439 3604 ἡδέως
425 3533 561 3606 ακούοιιει,
597 3535 655 3590 τιῗνν
680 3536 709 3589 δὲ
732 3535 789 3590 κατ’
814 3528 944 3604 ἀλήθειαν
962 3529 1057 3606 ἀηδῶς,
1094 3541 1235 3591 Pulchrum

172 3623 224 3659 non
242 3609 342 3661 deliniri
361 3625 438 3674 posse
458 3627 490 3662 eo
504 3613 575 3678 quod
588 3610 688 3662 auditui
707 3613 748 3661 vel
761 3611 830 3662 visui
848 3612 989 3663 iucundum
1008 3615 1048 3670 sit,
1068 3611 1145 3662 etiam
1159 3611 1236 3662 Plato

174 3679 252 3744 Hipp.
270 3683 320 3732 mai
348 3697 373 3746 p,
395 3679 535 3742 298-304
555 3683 711 3741 ostenderat,
732 3697 844 3748 quocum
864 3683 895 3736 cl.
916 3683 1026 3736 Aristot.
1043 3684 1111 3747 Top.
1131 3681 1155 3733 6.
1175 3689 1200 3739 7.

280 3749 305 3818 2)
325 3751 441 3806 Plraedo.
461 3769 486 3818 p.
505 3761 548 3812 97.
569 3757 597 3808 C.
616 3754 694 3818 Legg.
714 3753 766 3806 Xll
784 3752 835 3812 967
857 3750 926 3807 B.C

279 3821 305 3890 3)
324 3825 407 3874 Huius
426 3826 476 3874 loci
496 3825 571 3877 ralde
586 3825 699 3889 corrupti
717 3840 819 3875 sensum
838 3831 909 3876 recte
928 3831 957 3875 ut
977 3822 1041 3873 mibi
1059 3823 1161 3872 videtur
1179 3836 1236 3871 rer-

171 3893 243 3944 sione
262 3897 385 3960 expressit
405 3897 537 3961 Wyttenb.

278 3964 306 4032 4)
325 3970 379 4016 Καὶ
396 3963 478 4035 κηρὸν
503 3970 552 4047 μὲι
580 3961 617 4018 ἐῶ
643 3971 685 4016 και
700 3960 799 4033 χρυσὸν
817 3959 934 4034 ἄργυρόν
951 3983 981 4016 τε
998 3969 1040 4016 καὶ
1055 3955 1195 4026 palardus
1185 3956 1236 4014 όσιι

170 4053 200 4085 τε
217 4029 282 4087 dita
300 4017 530 4120 niarwps'vps
501 4042 590 4092 ουσιαι
608 4033 662 4102 εἴδη
681 4032 782 4100 δέχεται
799 4039 848 4103 μὲν
866 4031 938 4088 ἰδέαν
956 4039 1020 4104 μίαν
1044 4037 1237 4118 ἐκτυποιμένης

168 4097 335 4172 (portienses,
355 4103 418 4160 cillo
437 4107 465 4160 δὲ
490 4095 603 4173 ἄλλην
589 4108 633 4178 αφ’
663 4105 760 4160 ἑαυτοῦ
778 4127 817 4172 τῳ
835 4101 963 4174 μιιιήμιιτι
976 4101 1107 4176 διαφορὰν
1124 4111 1235 4175 προστι-

170 4175 246 4241 droa.
276 4205 310 4215 -
339 4181 401 4231 Vox
428 4184 498 4248 palat,
528 4196 605 4248 quam
625 4181 763 4244 Faciusp.
782 4189 797 4239 5
827 4181 974 4230 eliciendam
993 4184 1074 4246 putat,
1095 4185 1166 4229 certe
1184 4193 1236 4229 ser-

169 4249 255 4300 vanda
275 4256 321 4303 est.
