3016 4794
781 397 823 460 46

273 587 398 654 videtur
433 589 645 674 Nicophanes,
681 599 821 674 spartum
863 598 1065 674 torquentem
1099 587 1188 672 quod
1223 588 1338 652 asellus

273 677 407 753 adrodit,
432 679 515 742 nulla
531 678 654 742 Tartari
679 681 840 742 mentione
857 677 938 741 lacta
961 676 1052 759 (Plin.
1078 690 1129 754 35.
1160 675 1256 758 137),
1280 678 1336 742 ita·

272 789 336 852 que
360 769 548 852 conspicitur
572 769 601 830 in
625 769 745 851 pictura
768 768 893 852 parietis
910 767 1095 830 columbarii
1116 764 1205 850 quod
1228 768 1336 829 inven-

273 867 339 920 tum
375 867 423 920 est
457 859 487 919 in
523 856 595 920 villa
622 856 749 919 Pamfili.
807 856 898 940 (Jahn
927 853 1088 940 Abhdlgn.
1121 854 1151 918 d.
1176 851 1215 916 Κ.
1249 857 1335 938 bayr.

273 942 371 1009 Acad.
397 946 480 1009 Vlll.
510 946 601 1021 1856.
625 966 655 1029 p.
682 957 754 1023 245.
778 945 861 1028 sqq.)

271 1046 273 1052 ’
380 1035 452 1098 Sull.
469 1035 499 1098 o.
516 1032 716 1097 Timotheum
740 1045 847 1097 narrat
870 1041 1000 1118 propter
1016 1034 1142 1096 nimiam
1159 1031 1336 1096 felicitatem

274 1126 314 1187 ab
338 1115 465 1187 inimicis
490 1121 696 1186 dormientem
721 1120 878 1207 depictum
902 1142 982 1197 esse,
999 1121 1140 1185 Fortuna
1152 1123 1218 1205 ipsa
1241 1123 1337 1185 urbes

274 1214 412 1276 hostiurn
435 1213 553 1275 retibus
576 1208 796 1276 circumdante.
845 1212 933 1274 Haec
958 1213 1049 1296 capiti
1072 1213 1138 1274 eius
1154 1212 1338 1274 imminebat

273 1308 347 1364 a'ere
371 1303 479 1365 librata
501 1302 661 1384 urbesque
685 1303 714 1364 in
737 1310 805 1365 rete
826 1303 953 1364 trahens
976 1297 1150 1363 secundum
1167 1300 1337 1363 Aelianum

275 1390 316 1454 V.
341 1390 492 1454 H.·XllI.
517 1403 570 1468 43.
619 1389 724 1474 Atque
748 1390 882 1453 Athenis
906 1386 1034 1473 quidem
1052 1391 1094 1452 ita
1117 1409 1191 1452 eum
1215 1391 1337 1452 irrisum

275 1499 356 1554 esse,
381 1499 453 1542 cunr
477 1500 535 1563 per
558 1500 593 1541 se
616 1488 712 1563 patet,
736 1495 803 1542 turn
822 1479 1026 1542 confirmatur
1040 1498 1096 1561 ap.
1113 1477 1216 1541 Schol.
1240 1478 1335 1540 Arist.

275 1567 353 1631 Plut.
383 1568 452 1645 180,
485 1589 526 1630 ex
559 1587 623 1651 qno
659 1569 763 1631 hausit
791 1565 901 1631 Suidas
933 1589 957 1630 s.
983 1589 1012 1630 v.
1044 1568 1193 1631 Fortasse
1225 1568 1338 1630 comici

275 1654 437 1720 cuiusdam
477 1657 581 1720 lusum
621 1658 780 1721 coloribus
820 1658 973 1741 expressit
1013 1658 1121 1740 pictor.
1188 1652 1341 1719 Eiusdem

275 1747 416 1830 picturae
440 1747 558 1809 mentio
583 1755 631 1808 est
653 1747 684 1808 in
708 1746 892 1809 collectione
908 1747 1211 1830 apophthegmatum
1228 1763 1341 1826 regum

277 1845 308 1896 et
334 1836 561 1918 imperatorum
585 1832 894 1918 Pseudoplutarchea
923 1857 954 1920 p.
984 1836 1054 1911 187.
1079 1836 1124 1915 B.²
1151 1835 1205 1897 ubi
1220 1840 1342 1898 ‘tamen

276 1923 372 1986 urbes
395 1923 477 1987 ultro
501 1925 532 1986 in
555 1923 662 2008 plagas
686 1922 825 1987 incidunt
841 1925 982 1988 Fortuna
998 1944 1062 1986 non
1079 1934 1340 1999 commemorata,

276 2014 415 2097 itemque
444 2014 473 2076 in
509 2013 612 2076 libello
648 2011 687 2077 de
718 2013 843 2096 malign.
874 2011 991 2077 Herod.
1020 2034 1050 2096 p.
1075 2012 1150 2088 856.
1175 2013 1220 2093 C„
1244 2033 1342 2096 quem

276 2122 318 2165 an
355 2101 549 2268 Plutarchus)
572 2105 789 2188 conscripserit
822 2099 915 2166 valde
948 2112 996 2165 est
1030 2097 1168 2164 dubium.
1226 2101 1341 2184 (Volk-

278 2210 375 2253 mann
399 2191 435 2254 ΙΙ.
461 2205 535 2269 341.
