3016 4794
715 379 734 443 9

192 574 387 659 inspectione
421 580 453 636 et
486 569 656 636 cotidiana.
680 569 922 636 consuetudine¹
943 572 1149 638 occultentur.
1199 570 1254 656 (de

191 664 297 728 cohib.
322 663 375 726 ira.
399 673 528 746 p..452.
554 657 616 743 E.).
661 659 741 725 Nam
764 662 790 725 si
812 661 924 725 artilex
939 659 1085 727 iudicium
1098 664 1255 746 integrum

193 749 364 833 studioque
386 758 482 834 atque
505 751 549 814 ira
576 769 713 815 vacuum
736 751 793 814 sibi
820 771 931 835 parare
963 751 1040 827 vult,
1068 754 1254 837 praesertim

191 861 265 905 cnm
288 841 335 903 sui
358 840 489 923 quisque
512 839 603 923 peior
625 840 663 902 sit
686 859 784 923 quam
799 840 934 904 aliorum
957 837 1062 917 index,
1085 861 1106 905 a
1127 861 1162 905 se
1184 843 1253 926 ipso

193 931 222 994 ei
246 930 332 1014 quasi
356 925 592 1012 digrediendum
626 925 845 1012 sentiendique
877 931 1066 994 continuitas
1091 930 1254 994 intertum-2

192 1016 296 1102 penda
318 1014 487 1100 estquod
510 1018 574 1081 nisi.
596 1019 749 1102 temporis
775 1019 877 1102 spatio
901 1019 1063 1084 interiecto
1087 1019 1166 1083 effici
1189 1039 1254 1084 non

212 1117 302 1174 otest.
1229 1155 1253 1166 .,

189 1129 210 1192 p
267 1241 271 1248 .
296 1197 437 1279 Operam
447 1191 576 1276 quidem
588 1193 769 1258 etlaborem
778 1192 991 1261 adhibendum
1004 1217 1074 1260 esse
1085 1216 1255 1277 summum,

201 1305 307 1368 neque
330 1294 438 1347 tamen
461 1284 514 1357 ita,
548 1292 584 1346 ut
616 1301 656 1344 ex
684 1283 756 1366 ipsis
790 1285 939 1367 operibus
972 1287 1089 1370 ubique
1123 1287 1254 1352 eluceat.

191 1371 292 1456 Quod
311 1373 410 1435 bene¹
430 1370 560 1434 illustrat
594 1371 656 1434 hoc
691 1371 854 1455 exemplo:
896 1372 1076 1438 Antimachi
1105 1385 1256 1460 poemata

191 1472 223 1525 et
235 1462 378 1543 Dionysii
396 1462 536 1545 picturae
552 1459 835 1544 Colophoniorum,
851 1480 1044 1546 quamquam
1054 1466 1147 1528 robur
1175 1467 1254 1529 iniis

192 1553 273 1615 inest
295 1552 458 1633 vigorque,
483 1557 588 1612 tamen
612 1551 642 1610 vi
658 1545 795 1632 quadam
814 1560 847 1613 et
862 1552 957 1616 nimia
972 1573 1070 1636 opera
1085 1553 1254 1618 elaboratis

192 1640 300 1704 similia
324 1647 406 1718 sunt,
429 1648 539 1702 contra
561 1635 744 1702 Nicomachi
767 1639 881 1702 tabulis
904 1649 936 1703 et
959 1639 1091 1705 Homeri
1115 1644 1254 1706 versibus

189 1739 315 1814 praeter
338 1726 489 1810 reliquam
513 1728 577 1790 vim
601 1734 633 1790 et
657 1728 789 1810 gratiam
824 1725 897 1792 illud
929 1731 1019 1805 inest,
1044 1740 1079 1794 ut
1106 1729 1254 1816 expedite

190 1828 222 1882 et
244 1817 333 1882 facile
368 1816 531 1880 elaborata
563 1812 737 1880 videantur.
785 1815 915 1896 (Timol.
943 1815 1012 1894 36.)
1058 1819 1146 1901 Quas
1169 1830 1255 1885 certe

189 1907 248 1970 illis
270 1906 408 1992 praefert
424 1905 617 1970 Plutarchus.
666 1905 867 1989 Quamquam
883 1905 1111 1973 Nicomachum
1126 1908 1254 1994 quidem

193 1998 247 2059 vix
262 2005 394 2080 propter
409 1995 536 2058 nimiam
555 1991 742 2076 diligentiam
755 1992 883 2058 laudare
894 2015 1072 2080 possumus,
1089 1999 1114 2060 si
1125 1997 1254 2082 quidem

192 2083 349 2148 credimus
371 2083 470 2147 Plinio
494 2094 545 2160 35.
574 2095 643 2160 109.
671 2085 831 2148 neminem
855 2106 896 2148 eo
918 2087 949 2148 in
972 2095 1039 2149 arte
1062 2086 1254 2152 velociorem

190 2175 286 2237 luisse
308 2173 457 2236 narranti.

295 2262 362 2326 Iam
386 2258 551 2324 videamus
574 2281 658 2344 quae
675 2259 797 2326 dederit
810 2272 981 2348 praecepta
996 2261 1036 2327 ad
1059 2266 1132 2329 artis
1154 2286 1252 2350 opera

189 2359 275 2414 recte
298 2348 502 2415 aestimanda.
551 2350 623 2414 Huc
654 2351 803 2436 imprimis
832 2363 952 2437 spectat
984 2352 1072 2417 locus
1096 2351 1136 2418 de
1158 2357 1253 2436 genio

189 2441 277 2504 Socr.
301 2461 330 2525 p.
354 2451 420 2516 575
448 2435 535 2518 A.‚1)‚
568 2440 621 2502 nbi
654 2439 759 2505 laudat
782 2443 908 2526 pictoris
942 2440 1103 2507 cuiusdam
1138 2441 1255 2508 dictum

190 2525 282 2591 rudes
306 2538 343 2592 et.
359 2530 432 2592 artis
460 2530 586 2611 ignaros
619 2539 813 2614 spectatores
837 2549 909 2594 cum
940 2530 1191 2614 intellegentibus
1225 2541 1256 2596 et

189 2617 307 2682 artificii
339 2615 484 2681 studiosis
517 2621 736 2702 comparantis.
791 2619 864 2682 Illos
895 2619 978 2683 enim
1006 2621 1111 2684 aiebat
1142 2621 1256 2686 similes

190 2727 261 2770 esse
284 2727 405 2782 eorum,
430 2708 484 2790 qui
497 2727 646 2791 magnam
658 2707 1039 2786 simulturbamsalutent‚
1058 2711 1254 2786 hoscorum,

188 2798 241 2880 qui
266 2797 383 2860 obvios·
403 2795 581 2880 singulatim
603 2797 770 2882 appellent.
816 2798 889 2862 lllos
912 2801 996 2863 enim
1019 2819 1084 2864 non
1109 2812 1254 2866 accurate

189 2883 246 2948 sed
269 2887 381 2949 leviter
402 2905 579 2970 parumque
603 2884 766 2972 diligenter
787 2881 897 2972 (τύπῳ
925 2883 1006 2972 τινὶ)
1026 2891 1139 2954 artium
1157 2911 1255 2974 opera

191 2974 404 3058 contemplari,
429 2976 489 3037 hos
510 2994 598 3052 vero,
625 2976 765 3060 singulas
780 2979 884 3061 operis
910 2988 1014 3062 partes
1029 2979 1255 3064 perlustrantes

192 3083 295 3146 neque
328 3061 498 3148 quidquam
532 3065 740 3149 inspectatum
776 3066 997 3149 relinquentes,
1032 3067 1105 3130 nihil
1141 3087 1254 3132 eorum

191 3149 332 3235 effugere
355 3173 436 3236 quae
461 3150 512 3214 vel
535 3152 700 3237 probanda
722 3155 773 3218 vel
796 3152 1004 3239 vituperanda
1028 3157 1107 3219 sint..

295 3242 400 3322 Quare
423 3237 463 3305 ad
486 3240 681 3306 aestimanda
709 3263 840 3328 quoque
871 3243 999 3308 artificia
1026 3246 1253 3310 exercitatione

190 3349 271 3415 opus
305 3340 362 3394 est.
408 3331 582 3415 Propterea
609 3333 671 3395 iam
699 3331 887 3396 Aristoteles
918 3343 1018 3398 artem
1051 3337 1193 3399 musicen
1222 3345 1255 3400 et

188 3420 358 3503 graphicen
383 3417 635 3484 adolescentibus
657 3419 868 3486 exercendam
885 3443 955 3486 esse
971 3426 1101 3490 monuit.
1131 3425 1257 3509 (hltiller

188 3507 248 3572 Th.
263 3505 292 3571 d.
306 3509 347 3572 K.
364 3508 401 3572 ll.
414 3511 466 3574 80.
477 3506 546 3592 83.)
577 3507 689 3594 Neque
701 3513 784 3575 enim
797 3509 944 3577 iudicium
958 3534 1024 3598 quo
1037 3515 1201 3598 pulchrum
1215 3516 1255 3578 ab

188 3617 230 3660 eo
250 3595 336 3681 quod
360 3617 424 3661 non
449 3597 620 3682 pulchrum
638 3603 676 3664 sit
694 3598 896 3678 discernatur,
917 3605 1005 3668 omni
1031 3605 1256 3668 exercitatione

188 3686 336 3769 neglecta*
346 3689 522 3772 comparari
541 3708 644 3773 posse.
687 3687 727 3754 Et
745 3695 900 3756 consentit
911 3692 1096 3756 Plutarchus
1120 3691 1160 3754 de
1183 3712 1255 3754 sera

92 3799 95 3806 ¹
187 3794 273 3838 num.
298 3773 381 3839 vind.
394 3788 516 3860 p..549.
532 3777 579 3853 F.,
595 3797 669 3842 eum
685 3781 794 3862 quires
803 3777 942 3844 deornm
953 3790 988 3843 et.
1001 3782 1166 3864 geniorum
1183 3801 1253 3864 per·

187 3865 309 3948 spicere
334 3866 409 3929 velit
438 3865 569 3929 similem
594 3887 665 3931 esse
689 3865 795 3931 dicens
818 3888 856 3932 ac
883 3871 908 3931 si
936 3871 1004 3952 quis
1027 3870 1102 3932 artis
1125 3889 1254 3954 prorsus

305 4091 327 4161 ι)
347 4095 478 4146 Lacunam
498 4111 563 4160 quae
592 4102 630 4146 est
656 4096 730 4147 initio
759 4097 834 4148 huius
860 4098 912 4148 loci
940 4101 964 4148 in
984 4100 1102 4152 versione
1120 4107 1191 4152 recte
1211 4117 1255 4152 ex·

187 4165 301 4229 plevisse
320 4165 424 4218 videtur
441 4182 507 4218 voce
526 4167 683 4232 ,‚recordor“
703 4169 843 4233 Xylander,
881 4169 963 4220 Minus
990 4172 1136 4235 probabilia
1163 4174 1255 4223 attule-

187 4242 246 4286 runt
265 4237 363 4288 Reiske
382 4244 407 4287 et
427 4239 557 4304 Wyttenb,
