3016 4794
810 419 850 484 22

294 613 465 676 Pausanias
489 620 623 675 statuam
655 611 845 674 incolumem
878 607 1007 675 videret.
1040 609 1092 693 (cl.
1126 608 1291 694 Wyttenb.
1319 611 1359 676 ad

294 701 373 764 Plut.
398 698 437 764 de
460 721 532 766 sera
555 719 642 764 num.
666 716 696 763 rr.
722 719 751 784 p.
776 698 849 776 558.
877 697 929 779 C.)
964 701 1115 768 Attamen
1139 703 1184 764 rei
1208 699 1358 766 dubitatio

294 787 451 873 quaedam
475 787 643 866 adhaeret,
656 809 716 852 nec
731 789 798 854 sine
814 790 953 853 veritatis
971 792 1076 872 specie
1092 812 1111 853 e
1128 792 1238 854 comici
1255 793 1359 855 verbis

294 878 377 944 male
387 878 547 942 intellectis
560 880 721 942 historiam
734 878 862 940 fluxisse
880 887 968 962 putat
980 879 1150 956 Michaelis,
1175 877 1358 946 Parthenon

293 990 322 1052 p.
346 983 397 1046 44.
422 967 518 1031 Anm.
547 977 617 1044 153.

399 1055 428 1120 E
462 1058 572 1143 ceteris
605 1063 726 1120 statuae
758 1057 898 1140 partibus
931 1067 1202 1120 commemoratur
1234 1067 1356 1121 scutum

292 1162 365 1208 cum
407 1165 514 1229 pugna
546 1145 757 1222 Amazonum,
806 1147 854 1207 cui
887 1145 1010 1208 Periclis
1046 1148 1157 1230 suique
1196 1147 1292 1230 ipsius
1325 1159 1357 1211 ut

294 1234 373 1298 calvi
396 1237 478 1297 senis
501 1235 653 1318 imagines
676 1233 804 1296 inseruit
828 1231 961 1313 Phidias,
992 1255 1070 1319 quas
1095 1237 1189 1299 etiarn
1212 1238 1243 1298 in
1266 1249 1353 1299 scuto

293 1325 359 1386 noti
382 1323 459 1386 illius
482 1325 560 1407 signi
579 1322 713 1386 Athenis
744 1324 920 1386 conservati
950 1323 1125 1406 (Michaelis
1149 1324 1185 1386 T.
1209 1323 1284 1388 XV.
1315 1321 1352 1407 1.)

294 1421 326 1474 et
360 1413 389 1474 in
424 1415 514 1475 scuto
549 1409 803 1494 Stranglordiano
839 1414 891 1495 qui
927 1423 1059 1476 uocatur
1095 1411 1146 1494 (T.
1182 1411 1253 1476 XV.
1290 1417 1356 1492 34.)

293 1521 468 1584 agnoscere
491 1501 570 1564 licet.
618 1501 720 1564 Etiam
745 1520 884 1582 serpens,
914 1518 1010 1582 quenr
1031 1499 1171 1564 Phidiam
1201 1501 1280 1566 deae
1305 1502 1356 1566 ad-

292 1591 435 1653 tribuisse
466 1601 573 1653 narrat
597 1589 792 1663 Plutarchus,
825 1586 880 1667 (de
903 1587 972 1649 Isid.
1006 1610 1034 1671 p.
1061 1591 1136 1665 381.
1169 1589 1206 1653 Ε.
1232 1594 1354 1676 coniug.

293 1699 395 1762 praec.
426 1701 455 1762 p.
489 1691 557 1756 142.
593 1673 647 1758 D.)
681 1678 710 1739 in
743 1685 844 1738 statua
879 1673 976 1738 modo
1009 1679 1170 1741 nominata
1205 1684 1358 1763 reperitur

293 1779 381 1830 scuto
398 1788 433 1829 se
449 1764 579 1845 abdens,
595 1766 736 1847 itemque
754 1766 784 1826 in
797 1765 978 1848 anaglypho
991 1765 1030 1828 Τ.
1049 1765 1122 1828 XV.
1144 1763 1173 1828 8.
1187 1767 1355 1832 Michaelis

400 1855 516 1937 Iupiter
549 1853 714 1937 Olympius
747 1872 827 1937 opus
858 1856 1053 1937 potissimum
1083 1851 1212 1917 Phidiae
1234 1875 1356 1919 merno-

295 1954 383 2006 ratur
417 1943 487 2007 Per.
524 1955 552 2020 2,
596 1941 636 2004 de
669 1961 733 2026 quo
768 1943 839 2005 loco
875 1939 1009 2006 diximus
1040 1964 1069 2026 p.
1104 1957 1151 2006 12.
1184 1943 1276 2006 Aem.
1305 1949 1357 2008 28.

289 2030 419 2096 traditur
434 2032 569 2096 Aemilii.
582 2031 669 2096 Pauli
692 2029 817 2107 dictum,
843 2031 951 2094 lovem
971 2032 1102 2094 Homeri
1122 2030 1262 2096 Phidiam
1287 2043 1356 2097 arte

291 2123 492 2206 expressisse,
515 2119 600 2206 quod
624 2141 666 2182 ex
682 2120 814 2200 Polybio
830 2119 937 2182 XXX.
959 2135 1006 2197 15.
1024 2133 1053 2197 3.
1070 2121 1198 2185 fluxisse
1223 2119 1354 2199 videtur,

292 2212 327 2273 cf.
364 2208 477 2273 Strabo
502 2209 586 2273 Vlll.
622 2230 651 2292 p.
684 2221 757 2285 353.
805 2208 950 2292 Denique
986 2210 1058 2272 Sull.
1097 2223 1142 2285 17.
1177 2213 1207 2284 ii,
1244 2214 1354 2293 quibus

291 2299 496 2382 Trophonius
518 2301 549 2361 in
572 2299 700 2361 somniis
725 2300 809 2360 uisus
833 2308 887 2375 est,
921 2317 994 2361 eum
1019 2310 1050 2361 et
1073 2298 1301 2380 pulchritudine
1324 2313 1352 2364 et

292 2385 505 2471 magnitudine
529 2387 595 2451 lovi
619 2382 767 2470 Olympio
790 2386 921 2449 similem
944 2387 1039 2450 luisse
1062 2399 1197 2452 narrant.

400 2475 496 2539 Aliud
532 2495 613 2560 opus
648 2477 679 2538 in
703 2473 793 2537 Elide
827 2478 963 2559 positum
999 2487 1101 2540 statua
1126 2477 1259 2541 Veneris
1288 2489 1352 2541 erat

293 2565 429 2630 Uraniae
440 2586 480 2628 ex
491 2585 570 2628 auro
579 2575 610 2629 et
626 2565 724 2627 ebore
735 2565 888 2638 conlecta,
899 2561 939 2627 de
958 2564 1224 2671 quavid.Pausan.
1240 2567 1292 2631 Vl.
1304 2579 1353 2643 25.

206 2705 219 2723 .
293 2655 360 2717 Sub
384 2653 465 2738 pede
488 2652 615 2718 testudo
640 2664 716 2727 erat,
743 2647 906 2734 οἰκουρίας
939 2653 1100 2735 συμβολον
1128 2657 1202 2730 ταῖς
1232 2652 1355 2737 γυναιξὶ

291 2738 349 2804 καὶ
374 2741 512 2827 σιωπῆς,
537 2751 571 2805 ut
594 2741 665 2806 dicit
680 2742 865 2805 Plutarchus
882 2739 922 2804 de
938 2740 1007 2806 Isid.
1024 2764 1052 2826 p.
1076 2745 1150 2822 381.
1168 2745 1204 2806 E.
1221 2745 1354 2825 (coniug.

292 2851 395 2916 praec.
420 2853 448 2914 p.
470 2843 539 2906 142.
558 2829 615 2910 D.)
660 2828 756 2912 Quod
780 2832 935 2914 singulare
958 2835 1109 2896 mansisse
1131 2829 1262 2912 uidetur,
1283 2849 1355 2894 cum

292 2923 323 2984 in
347 2929 435 2985 tanto
451 2918 585 2984 Veneris
608 2922 769 3005 signorum
790 2938 872 3002 quae
887 2922 978 2984 nobis
994 2932 1120 2986 servata
1135 2929 1206 2983 sunt
1221 2939 1354 2984 numero

293 3009 368 3072 mihi
391 3007 518 3094 quidem
541 3007 668 3073 testudo
691 3029 846 3092 nusquam
872 3014 1049 3074 occurrerit.

399 3100 506 3183 Atque
529 3100 576 3161 his
600 3095 726 3184 quidem
750 3097 790 3160 de
814 3093 926 3162 Phidia
958 3101 1213 3163 commemoratis
1241 3094 1356 3161 addam

293 3207 375 3271 quae
399 3187 480 3253 Plut.
507 3185 577 3251 Per.
607 3201 653 3264 13.
677 3187 779 3252 tradit:
807 3187 888 3250 Cum
912 3189 1085 3272 propylaea
1108 3186 1356 3263 aedificarentur,

293 3280 429 3360 optimus
442 3286 474 3340 et
482 3275 732 3362 diligentissimus
742 3276 890 3362 opificum
900 3275 1086 3360 (secundum
1097 3275 1177 3339 Plin.
1186 3276 1287 3339 XXlI.
1303 3291 1354 3354 44.

294 3385 393 3428 verna
415 3365 525 3430 Pericli
548 3369 716 3451 praecipue
741 3368 842 3445 carus)
860 3368 901 3429 ita
916 3366 1076 3430 infeliciter
1092 3386 1110 3426 e
1129 3366 1239 3448 lastigii
1255 3365 1355 3428 altitu·

294 3451 366 3515 dine
398 3453 517 3531 cecidit,
553 3466 629 3519 uta
663 3453 790 3518 medicis
824 3455 1059 3538 relinqueretur.
1105 3453 1191 3517 Tum
1214 3451 1357 3518 Minerva

294 3539 404 3604 Pericli
419 3561 476 3625 per
493 3562 641 3606 somnum
652 3545 717 3606 visa
732 3545 956 3625 rationemque
970 3544 1072 3605 sanari
1088 3553 1196 3626 posset
1206 3555 1356 3626 aegrotus

295 3627 437 3693 ostendit.
484 3630 590 3714 Atque
613 3634 644 3694 in
668 3633 759 3693 huius
783 3633 827 3694 rei
851 3631 1036 3694 memoriam
1061 3628 1200 3695 Pericles
1228 3653 1355 3696 aeream

295 3719 457 3783 Minervae
481 3719 604 3803 Hygiae
639 3729 774 3783 statuam
809 3722 913 3804 posuit
940 3721 970 3781 in
993 3720 1133 3804 acropoli
1157 3723 1244 3784 iuxta
1267 3741 1356 3784 aram

293 3829 376 3891 quae
399 3811 460 3872 iam
484 3819 576 3872 antea
599 3809 640 3871 ibi
665 3820 738 3872 erat.
785 3807 836 3872 De
860 3827 922 3892 qua
945 3817 1046 3873 statua
1069 3812 1112 3872 ob
1129 3810 1210 3874 illam
1227 3830 1355 3874 causam

293 3899 393 3979 posita
410 3905 494 3961 tacet
510 3895 636 3973 Plinius,
656 3895 685 3961 id
702 3896 789 3982 quod
805 3895 949 3960 Schoellii
966 3901 1153 3963 sententiam
1170 3899 1353 3979 (Archaeol.

295 3984 529 4069 Mittheilungen
565 4007 593 4070 p.
626 3984 708 4067 127.)
738 3997 838 4050 totam
872 3986 1031 4050 historiam
1067 3990 1107 4051 ab
1147 3999 1355 4072 exagetarum

294 4070 333 4134 de
357 4083 458 4136 statua
482 4076 709 4139 narrationibus
733 4075 862 4138 fluxisse
885 4071 977 4138 valde
1001 4076 1174 4140 confirmat.
1220 4075 1356 4140 ‘Videtur

293 4170 400 4224 tamen
424 4171 549 4244 reperta
572 4183 641 4225 esse
665 4165 731 4226 eius
747 4171 868 4226 statuae
894 4164 976 4226 basis
993 4183 1065 4227 cum
1081 4167 1139 4228 hac
1154 4167 1354 4248 inscriptione

295 4270 334 4312 ex
347 4268 410 4331 qua
421 4267 539 4312 nomen
552 4249 675 4313 artificis
684 4250 916 4333 cognoscimus:
936 4241 1132 4337 ,Ἀθηναῖοι
1146 4254 1185 4340 τῇ
1195 4244 1354 4340 Ἀθηναίᾳ

229 4510 668 4766 M
787 4570 904 4767 11
