3016 4794
398 571 517 636 Ibidem
534 571 662 636 Niciae
678 593 807 656 quoque
823 575 942 637 mentio
959 580 1016 646 est,
1035 569 1185 647 Antidoti,
1202 573 1254 655 qui
1271 571 1354 656 apud

291 661 534 746 Euphranorem
569 658 731 737 didicerat,
771 659 945 746 discipulus.
1003 662 1054 725 De
1093 662 1247 724 acerrimo
1288 681 1353 744 quo

290 751 456 815 tenebatur
482 753 563 813 inter
590 747 783 834 pingendum
812 749 924 828 studi0,
952 752 993 814 ita
1020 759 1055 812 ut
1082 752 1141 813 cibi
1164 760 1196 814 et
1218 751 1355 832 potionis

292 839 538 915 oblivisceretur,
573 841 709 904 narratio
747 837 877 902 traditur
914 859 956 902 an
996 841 1063 902 seni
1097 841 1135 902 sit
1171 859 1236 922 ger.
1271 859 1352 922 resp.

291 949 319 1012 p.
344 929 418 1004 786.
442 929 477 990 B.
523 927 658 991 Aeliano
683 948 811 1012 quoque
835 940 911 993 nota
936 948 1000 992 var.
1025 930 1092 991 hist.
1116 928 1168 992 ΙΙΙ.
1193 941 1246 1003 31.
1293 926 1354 990 Ne-

291 1019 392 1101 cyiam
414 1019 583 1101 praecipue
607 1036 681 1080 cunr
704 1019 765 1080 hoc
790 1016 892 1081 studio
917 1019 1053 1100 pinxisse
1078 1026 1274 1080 memoratur
1290 1037 1355 1080 non

291 1127 385 1191 posse
408 1126 495 1170 suav.
526 1127 556 1190 p.
587 1119 669 1182 1093
695 1106 739 1180 C.,
776 1103 860 1189 quod
891 1105 1094 1170 Plutarchum
1125 1107 1235 1168 fecisse
1264 1115 1354 1189 puto,

290 1206 324 1260 ut
347 1197 508 1278 sequentia
531 1192 680 1258 afferendi
704 1196 759 1258 sibi
785 1193 911 1259 daretur
934 1197 1068 1271 occasio,
1097 1194 1249 1258 artificem
1272 1196 1355 1257 hauc

291 1285 429 1348 tabulam
471 1285 689 1365 sexagintat
677 1284 800 1347 talentis
844 1284 1027 1348 Ptolemaeo
1076 1280 1169 1367 regi1)
1216 1281 1356 1346 vendere

290 1373 436 1436 noluisse.
484 1373 605 1437 Patriae
634 1392 710 1435 suae
739 1369 931 1436 condonavit
963 1394 1044 1456 opus
1067 1372 1154 1452 (Plin
1180 1372 1355 1450 35.132),

291 1472 322 1525 et
345 1462 477 1546 tortasse
500 1459 576 1524 vidit
598 1461 782 1525 Plutarchus
806 1461 947 1526 Athenis.

397 1551 448 1613 De
464 1550 611 1652 Apellis
624 1570 695 1613 cum
712 1552 864 1633 Sicyoniis
876 1553 1097 1614 coniunctione
1113 1546 1212 1612 modo
1237 1545 1355 1612 dictum

291 1648 346 1702 est.
376 1640 563 1722 Operum'
537 1660 603 1703 erus
619 1640 737 1702 nullum
753 1649 1022 1702 commemoratur
1036 1649 1164 1723 praeter
1180 1637 1357 1702 Alexandri

289 1728 436 1812 Magni'
429 1729 598 1812 imaginem
637 1729 756 1791 fulmen
795 1730 938 1807 tenentiS,
983 1748 1065 1811 quae
1099 1749 1164 1792 non
1199 1728 1356 1791 imitabilis

290 1814 460 1891 dicebatur,
493 1819 571 1880 sicut
604 1819 669 1901 ipse
694 1815 878 1880 Alexander
906 1820 1044 1881 inuictus.
1069 1814 1120 1895 (de
1143 1816 1193 1880 Al.
1218 1817 1259 1880 M.
1285 1819 1355 1880 virt.

290 1927 311 1968 s.
339 1906 408 1970 t'ort.
432 1905 467 1968 II.
492 1927 520 1989 p.
545 1919 619 1984 335.
644 1903 699 1986 Α.)
745 1907 895 1969 Fortasse
922 1909 1000 1969 haec
1024 1904 1062 1969 ad
1087 1907 1281 1990 epigramma
1304 1927 1354 1968 re·

289 1994 419 2058 ferenda
441 2005 520 2058 sunt.
581 1996 633 2059 De
656 1995 784 2079 Lysippi
807 1997 1035 2080 vituperatione
1060 1997 1090 2058 in
1114 1999 1217 2078 primo
1253 1997 1354 2079 capite

289 2081 331 2168 (p.
363 2084 399 2164 8)
438 2081 583 2146 diximus.
648 2084 799 2147 Ceterum
837 2087 916 2148 hanc
947 2085 1100 2164 tabulam,
1147 2104 1210 2168 qua
1244 2082 1355 2147 diVInis

289 2174 464 2236 honoribus
484 2183 614 2236 ornatus
631 2183 698 2235 erat
714 2171 910 2248 Alexander,
934 2194 999 2236 non
1019 2184 1093 2238 ante
1117 2170 1353 2258 expeditionem

290 2259 329 2326 ad
357 2261 442 2324 lovis
468 2260 637 2324 Ammonis
669 2262 830 2325 oraculum
863 2273 1052 2345 susceptam,
1085 2282 1156 2326 curn
1192 2259 1242 2326 dei
1273 2262 1353 2325 filius

289 2351 508 2432 pronuntiatus
538 2360 569 2413 et
597 2352 664 2434 ipse
686 2351 781 2413 talem
813 2353 1051 2415 venerationem
1075 2351 1258 2435 postularet,
1281 2372 1352 2435 per-

289 2439 404 2502 lectum
428 2461 498 2502 esse
522 2450 607 2502 recte
632 2440 781 2503 observat
797 2439 990 2504 Wustmann
1007 2441 1143 2523 Apelles'
1160 2440 1271 2505 Leben
1287 2439 1352 2503 und

289 2528 414 2592 Werke
445 2549 474 2612 Ρ·
509 2540 560 2606 54·
614 2530 665 2593 De
697 2530 830 2593 tinctura
867 2529 993 2594 tabulae
1022 2529 1206 2593 Plutarchus
1237 2540 1353 2608 narrat,

288 2615 508 2682 Alexandrum
532 2617 639 2681 colore
662 2620 762 2698 magis
790 2619 878 2682 lusco
906 2629 1001 2702 atque
1025 2620 1211 2682 obscuriore
1234 2619 1349 2703 pictum

288 2707 391 2784 luisse,
413 2726 606 2790 quamquam
623 2705 774 2770 candidus
790 2707 883 2770 luisse
906 2708 1067 2770 serebatur
1082 2718 1213 2791 pectore
1227 2709 1352 2791 potissi·

287 2815 374 2858 mum
398 2807 429 2857 et
461 2796 539 2858 lacie
569 2806 828 2879 purpurascente.
877 2793 983 2879 (Alex.
1012 2797 1055 2874 4.)
1102 2797 1294 2860 Obscuriore
1319 2797 1351 2859 in

286 2885 405 2968 pictura
428 2883 533 2947 colore
557 2887 641 2947 viros
664 2905 684 2948 a
707 2884 828 2948 leminis
844 2883 995 2948 discretos
1011 2907 1082 2948 esse
1105 2896 1215 2949 notum
1239 2892 1287 2946 est
1305 2919 1350 2928 —

287 2972 423 3057 exempli
462 2974 560 3056 gratia
594 2974 816 3056 contempleris
850 2975 1001 3057 imagines
1043 2996 1061 3038 e
1100 2975 1166 3039 luto
1201 2974 1352 3056 figuratas

286 3062 420 3127 Athenis
452 3073 592 3146 repertas
620 3083 669 3146 ap.
704 3062 919 3148 Stackelberg,
956 3064 1077 3127 Graber
1111 3062 1167 3127 der
1195 3063 1351 3126 Hellenen

285 3152 364 3216 Tab.
398 3151 482 3215 LXI.
516 3151 662 3215 LXVlll.
709 3152 872 3236 multaque
915 3172 992 3216 vasa
1030 3155 1114 3236 picta
1148 3154 1349 3237 picturasque

285 3239 507 3325 Pompeianas.
559 3241 667 3321 Quare
699 3243 760 3304 hac
791 3261 920 3325 quoque
952 3243 1059 3306 tabula
1090 3240 1274 3306 validiorem
1305 3243 1352 3303 in-

285 3333 525 3413 gentiorernque
553 3351 662 3412 regem
692 3328 864 3416 depingere
894 3331 1031 3394 voluisse
1055 3330 1206 3393 artificem
1229 3341 1349 3414 putem,

285 3420 384 3481 heroa
415 3419 499 3480 illum
523 3418 745 3502 Euphranoris
778 3420 933 3482 imitatum
957 3439 1051 3482 carne
1075 3419 1195 3482 bubula
1218 3427 1342 3503 pastum

391 3506 425 3569 ln
459 3508 578 3590 pictura
600 3507 650 3570 illa
674 3506 867 3582 Calumniae,
896 3527 979 3590 quae
1003 3506 1110 3608 Apelli
1134 3509 1350 3571 ascribebatur

284 3596 420 3667 (Lucian.
461 3597 516 3658 cal.
556 3615 630 3658 non.
671 3603 744 3658 tem.
773 3593 855 3658 cred.
890 3596 942 3673 4.‚)
979 3597 1073 3659 etiarn
1109 3594 1251 3703 depictus
1283 3606 1349 3660 erat

284 3675 363 3770 dvlp
378 3675 494 3791 ὠχρὸς
516 3679 573 3746 καὶ
596 3671 795 3768 ἅμορφος,ο
778 3673 831 3763 ὀξὺ
855 3679 1017 3769 δεδορκώς
1049 3681 1106 3747 καὶ
1130 3679 1248 3760 ἐοικώς
1279 3686 1351 3760 τοῖς

283 3771 318 3838 ἐκ
354 3768 447 3838 νόσου
457 3771 605 3878 μακρᾶς
636 3766 882 3878 κατεσκληκόσι
928 3773 1041 3837 τοῦτον
1076 3761 1131 3837 οὖν
1169 3763 1255 3836 εἶναι
1293 3766 1352 3835 τὸν

287 3857 418 3927 Φθόνον
441 3850 481 3925 div
504 3884 555 3938 τις
577 3855 728 3925 εἰκάσειε.
754 3863 847 3925 Hunc
863 3862 995 3927 lortasse
1011 3866 1150 3948 respexit
1163 3862 1352 3926 Plutarchus

335 3989 530 4086 -Ῑῇνίυε
550 4021 615 4071 falso
629 4021 747 4072 Attalum
766 4023 889 4078 nominat,
927 4021 1046 4073 Correxit
1065 4023 1181 4076 Perizon
1201 4020 1232 4069 ad
1247 4019 1347 4074 Aelian

282 4095 298 4146 l.
313 4108 333 4146 c.
353 4119 386 4129 —
404 4093 447 4142 De
461 4092 561 4156 Necyia
583 4095 606 4142 in
621 4095 686 4142 vasis
709 4093 778 4157 picta
798 4094 829 4149 cf.
851 4093 919 4158 Jahn
940 4093 1097 4144 Mtlnchener
1117 4091 1349 4154 Vasensammlung

281 4181 306 4229 p,
318 4160 461 4228 CCXXIII,
474 4165 639 4228 sarcophagis
658 4166 784 4228 insculpta
795 4165 912 4214 Berichte
928 4165 972 4213 der
981 4166 1064 4219 sachs.
1078 4166 1141 4221 Ges.
1155 4165 1178 4214 d.
1192 4163 1352 4216 Wissensch.

286 4234 351 4292 1856
371 4251 396 4299 p,
417 4234 475 4294 267,
497 4251 553 4299 sqq.
