3016 4794
771 345 813 408 42

257 539 427 612 minorum,
463 539 685 601 statuariorum
722 559 800 600 vero
841 537 937 600 nulla:
978 557 1041 621 qua
1079 559 1113 600 re
1137 535 1324 600 Plutarchus

256 646 387 711 quoque
411 625 585 702 confirmat,
610 637 682 710 post
705 627 834 711 Lysippi
859 623 1026 710 discipulos
1051 628 1103 688 vix
1126 646 1323 710 quemquam

258 716 297 780 de
321 725 389 779 arte
413 725 509 798 atque
534 715 700 779 artificibus
724 713 839 800 aliquid
864 717 1094 799 conscripsisse.

706 945 785 1046 Gap.
813 945 875 1026 IV.

365 1105 416 1167 De
441 1107 551 1168 ceteris
570 1106 643 1168 artis
667 1105 816 1189 operibus
840 1106 1043 1169 aPlutarcho
1067 1107 1328 1168 commemoratis

259 1196 356 1258 fusius
383 1191 543 1277 disputare
566 1190 650 1257 haud
675 1204 723 1257 est
746 1195 776 1256 in
800 1197 931 1258 animo¹
963 1192 1044 1258 Nam
1069 1192 1108 1257 de
1132 1195 1227 1257 rebus
1251 1193 1328 1256 Del-

257 1286 355 1368 phicis
379 1280 507 1365 quidem
531 1283 672 1346 Ulrichsii
705 1283 818 1346 librum
842 1284 972 1363 (Reisen
1008 1282 1071 1347 und
1097 1283 1325 1366 Forschungen

259 1377 289 1438 in
314 1370 545 1436 Griechenland
568 1373 604 1451 Ι.)
628 1371 853 1435 commendare
877 1372 1002 1453 sufficitj.
1026 1369 1066 1434 de
1083 1373 1243 1434 veteribus
1259 1373 1325 1434 Ro-

258 1465 360 1527 manis
384 1463 534 1545 operibus
549 1470 681 1544 egerunt
692 1462 776 1525 Ross
788 1461 957 1525 Archaeol.
971 1461 1058 1525 Aufs.
1074 1461 1111 1524 ll.
1129 1483 1160 1546 p.
1174 1461 1240 1537 366
1256 1482 1326 1544 sqq.

259 1561 291 1614 et
325 1550 487 1614 Detlelsen
523 1547 578 1632 (de
612 1561 678 1613 arte
711 1551 933 1614 Romanorum
969 1552 1180 1634 antiquissima
1213 1551 1323 1634 Progr.

259 1638 445 1704 Gltickstadt
473 1640 652 1717 1867.08.),
675 1641 727 1701 ubi
752 1649 860 1703 tamen
884 1662 902 1702 e
925 1639 1095 1703 Plutarcho
1119 1636 1265 1703 desidero
1275 1639 1324 1701 Ti.

260 1731 439 1812 Sempronii
463 1729 680 1791 Gracchorum
704 1731 800 1811 patris
823 1740 958 1792 statuam
981 1731 1012 1790 in
1035 1729 1105 1793 foro
1130 1727 1329 1792 collocatam.

260 1821 306 1898 (C.
335 1817 467 1881 Gracch.
498 1818 557 1894 14).
586 1817 756 1880 Praeterea
779 1818 868 1881 locus
892 1827 1011 1902 quaest.
1035 1818 1130 1881 Rom.
1156 1839 1186 1902 p.
1206 1818 1278 1894 287.
1291 1819 1330 1880 B.

259 1905 424 1972 addendus
449 1916 496 1969 est
519 1907 562 1982 iis,
587 1926 668 1990 quae
693 1906 715 1970 l.
740 1927 771 1990 p.
795 1907 825 1970 o.
850 1905 888 1970 de
914 1907 991 1970 love
1016 1907 1193 1991 Capitolino
1229 1908 1327 1970 minio

259 1994 459 2062 tincto-dicit.
506 1993 567 2058 Sed
596 2005 701 2059 cetera
729 2015 858 2079 quoque
883 2017 981 2080 opera
1008 1999 1115 2060 omnia
1139 2015 1329 2059 enumerare

260 2090 312 2150 vix
336 2088 366 2149 in
389 2104 457 2149 rem
481 2084 549 2148 sore
572 2094 659 2164 puto,
682 2089 755 2148 satis
773 2095 820 2147 est
836 2087 1008 2149 rationibus
1024 2107 1107 2169 quae
1123 2085 1329 2148 Plutarchum

260 2175 300 2240 ad
325 2196 363 2238 ea
388 2171 670 2236 commemoranda
695 2176 928 2237 commoverint
952 2177 1125 2238 constitutis
1152 2175 1259 2258 paucis
1288 2193 1330 2237 ea

259 2274 402 2342 tractare,
427 2262 540 2345 quibus
564 2263 639 2325 novi
663 2260 777 2346 aliquid
800 2263 940 2326 attulisse
964 2265 1036 2326 mibi
1062 2262 1183 2327 videor.

370 2352 492 2415 Rerum
524 2353 708 2433 scriptorem
747 2354 904 2435 imagines
938 2353 1104 2416 hominum
1136 2355 1167 2415 in
1199 2353 1333 2415 historia

260 2440 521 2516 memorabilium,
546 2442 660 2523 quibus
683 2461 790 2504 mores
815 2453 846 2504 et
869 2441 1074 2506 factamelius
1089 2443 1329 2526 perspiciuntur,

259 2533 408 2616 imprimis
431 2529 554 2593 allicere
578 2539 727 2614 oportere
750 2551 807 2614 per
830 2551 864 2594 se
887 2542 1028 2615 apparet.
1077 2531 1124 2595 Ita
1140 2531 1330 2594 Plutarchus

261 2640 390 2704 quoque
427 2619 533 2702 viginti
565 2640 623 2682 sex
658 2619 810 2696 virorum,
848 2641 984 2704 quorum
1023 2622 1100 2684 vitas
1136 2621 1330 2704 conscripsit,

261 2719 383 2773 statuas
408 2718 648 2783 commemorat,
673 2717 704 2770 et
727 2711 780 2772 ubi
803 2710 932 2772 facultas
956 2708 1075 2773 visendi
1099 2711 1128 2772 ei
1152 2709 1225 2772 data
1249 2717 1331 2788 erat,

262 2797 303 2860 de
327 2797 470 2860 moribus
494 2798 524 2858 in
541 2798 575 2859 iis
593 2799 749 2880 expressis
777 2818 878 2883 pauca
895 2797 974 2879 dicit,
998 2819 1079 2882 quae
1102 2800 1165 2862 iam
1189 2799 1332 2860 breviter

262 2905 493 2951 recenseamus.

367 2973 418 3039 De
441 2974 570 3038 Theseo
595 2971 656 3037 vid.
680 2995 709 3058 p.
732 2987 783 3051 35.

368 3066 493 3129 Romae
516 3061 591 3126 vidit
602 3064 730 3127 Romuli
741 3074 859 3128 statuas
872 3073 1004 3149 tropaea
1014 3065 1149 3128 ferentes
1166 3061 1332 3150 pedestres

263 3175 382 3218 omnes
407 3154 501 3217 Rom.
529 3153 576 3216 16

368 3243 651 3306 Themistoclista
604 3253 651 3306 sta
653 3251 740 3306 tuam
758 3239 854 3306 vidit
846 3263 877 3306 m
892 3242 951 3305 Art
953 3240 1063 3305 emidis
1077 3233 1332 3348 Ἀριστοβούλης

263 3332 384 3435 templo
410 3334 544 3435 abipso
574 3334 603 3394 in
628 3331 733 3396 Melite
757 3353 842 3438 pago
866 3341 1040 3394 exstructo:
1079 3329 1137 3393 καὶ
1172 3323 1332 3435 (μαίνεταί

263 3442 314 3495 τις
349 3411 384 3482 οὗ
423 3414 483 3506 τὴν
515 3415 623 3506 ψυχὴν
656 3415 763 3500 μόιον,
799 3413 881 3483 ἀλλὰ
915 3416 972 3482 καὶ
1001 3413 1059 3504 τὴν
1082 3408 1166 3503 όιμιν
1189 3411 1333 3506 ἡρωικὸς

261 3502 439 3592 γενόμενος.
471 3508 593 3586 (Them.
620 3509 683 3587 22.)
730 3510 901 3572 Statuam'
894 3529 924 3571 m
953 3510 1023 3572 foro
1047 3508 1229 3590 Magnesiae
1264 3529 1331 3571 me-

266 3608 372 3662 morat
359 3597 542 3661 t.Cornel
590 3595 668 3680 Nep.
716 3597 829 3660 Them.
880 3613 927 3661 10.
973 3610 1015 3673 3,
1062 3598 1185 3660 tabulas
1230 3599 1329 3698 pictas

265 3688 399 3752 Pausan.
424 3687 446 3750 l.
476 3701 500 3748 1.
526 3698 565 3764 2.‚
589 3685 612 3750 Ι.
643 3687 690 3750 18.
716 3699 746 3762 3.
794 3688 845 3749 De
870 3688 1058 3770 imaginibus
1082 3688 1173 3751 nobis
1198 3688 1332 3749 servatis

266 3775 325 3840 vid.
349 3774 490 3840 Mueller.
516 3773 600 3838 Hdb.
632 3769 656 3860 ᾗ
679 3789 755 3852 420.
780 3777 810 3839 b.

373 3866 654 3949 Philopoemenem
667 3867 772 3948 specie
785 3865 879 3928 fuisse
891 3861 975 3928 haud
989 3861 1134 3940 deformi,
1152 3874 1185 3928 ut
1202 3861 1331 3948 quidam

267 3952 417 4040 putentl),
449 3953 582 4046 affirmat
605 3951 728 4039 Philop.
759 3968 787 4035 2,
815 3956 917 4039 ipsum
947 3955 1030 4016 enim
1058 3952 1173 4018 vidisse
1201 3973 1331 4017 aeream

267 4202 278 4250 f
361 4129 400 4250 fs1)
422 4131 493 4182 Inter
513 4146 579 4195 quos
592 4131 703 4184 Pausan.
716 4127 789 4185 VlII.
802 4139 845 4188 49,
868 4140 890 4188 2,
910 4137 1020 4181 statuam
1041 4133 1094 4182 eius
1113 4132 1138 4182 in
1158 4129 1332 4194 Tegeatarum

278 4218 325 4252 oro
344 4219 358 4252 a
379 4217 459 4252 erens.
