3016 4794
687 373 728 434 39

176 559 383 649 (ἐμφατικιῦς
405 560 444 646 τῇ
477 555 630 622 διαθέσει
666 553 723 645 τὴν
752 552 858 644 μάχην
889 553 1024 637 ἔχουσαν
1053 558 1140 623 Arat.
1172 561 1238 638 32.)

173 649 321 714 Eundem
345 651 438 713 fuisse
453 648 655 712 Timanthem
683 668 781 710 unum
804 647 889 710 illum
910 651 1067 724 comitem,
1097 651 1238 732 quicum

175 740 277 803 Arato
300 741 331 802 in
363 738 546 822 Aegyptum
581 738 740 820 profectus
768 747 815 798 est
844 733 946 818 (Arat.
981 735 1044 820 12),
1074 737 1239 820 probabile

175 827 306 892 videtur.
331 828 366 890 cf.
390 829 504 890 Brunn.
530 827 569 890 K.
597 827 633 890 G.
659 826 695 888 ll.
723 839 795 903 290.

281 917 331 980 De
348 914 485 980 Nealce
502 917 563 978 iam
583 933 677 998 supra
701 912 825 978 dictum.
850 913 1003 976 Fabulam
1027 913 1119 993 illam,
1143 933 1239 997 quam

175 1003 215 1068 de
239 1025 350 1088 spuma
373 1007 445 1088 equi
466 1006 599 1088 spongia
615 1007 725 1066 iniecta
741 1003 870 1066 feliciter
894 1023 1045 1086 expressa
1069 1001 1108 1064 de
1125 1001 1240 1066 Nealce

175 1106 281 1158 narrat
304 1093 420 1156 Plinius
444 1106 497 1170 35.
528 1108 607 1170 104.,
632 1095 698 1155 sine
721 1093 849 1156 nomine
873 1093 1029 1156 invenitur
1053 1089 1136 1174 apud
1161 1092 1238 1154 Plut.

176 1183 215 1246 de
246 1184 315 1246 fort.
346 1203 374 1265 p.
402 1195 455 1260 99.
486 1183 530 1256 B„
563 1183 617 1244 ubi
650 1183 739 1244 nimis
774 1178 921 1244 audacter
956 1201 1015 1263 pro
1043 1175 1099 1242 ἕνα
1121 1201 1241 1244 nomen

178 1266 311 1356 Νεάλκη
335 1272 365 1334 in
388 1280 510 1334 textum
534 1273 639 1354 posuit
664 1271 806 1332 Hercher
829 1267 1021 1353 Madvigium
1046 1278 1181 1332 secutus.

283 1359 515 1424 Mnasitheus
539 1358 598 1434 ille,
624 1360 674 1442 qui
689 1359 821 1422 Aratum
840 1360 870 1420 in
891 1361 990 1442 patria
1003 1356 1164 1422 liberanda
1188 1355 1242 1420 ad-

178 1451 254 1512 iuvit
278 1446 382 1531 (Aret.
408 1453 449 1524 7.)
480 1445 605 1512 idemne
638 1447 728 1511 fuerit
759 1468 795 1512 ac
819 1449 919 1530 pictor
943 1447 1135 1510 Mnasitheus
1159 1445 1243 1529 apud

178 1538 254 1600 Ptin.
279 1551 330 1614 35.
359 1537 438 1614 146„
462 1547 496 1600 ut
519 1547 607 1621 putat
630 1539 747 1601 Brunn.
774 1537 813 1600 K.
831 1537 867 1599 G.
894 1535 929 1599 ll.
957 1549 1039 1613 292„
1064 1547 1148 1600 certe
1173 1557 1242 1620 per-

179 1624 306 1690 dubium
331 1624 461 1690 videtur.

285 1715 393 1778 Finem
410 1716 480 1778 facit
498 1717 589 1778 huius
605 1716 759 1798 pictorum
783 1715 874 1776 seriei
890 1712 1156 1776 Timomachus
1181 1709 1242 1776 dia-

182 1801 359 1878 dochorum
382 1805 576 1886 temporibus
599 1804 726 1878 florens,
750 1814 784 1865 ut
809 1823 951 1866 errorem
974 1801 1062 1864 Plinii
1084 1804 1245 1884 corrigens

179 1894 399 1977 comprobavit
436 1892 593 1955 Welcker
634 1891 678 1954 kl.
723 1893 810 1954 Schr.
854 1890 905 1954 ΙΙΙ.
948 1911 977 1973 p-
1017 1902 1090 1968 457·
1136 1891 1245 1954 Brunn

178 1983 217 2044 K.
247 1983 284 2044 G.
315 1981 352 2044 ll.
384 1982 456 2045 280.
481 2003 548 2064 sqq.
597 1980 837 2044 Commemorat
872 1979 1057 2042 Plutarchus
1092 1972 1245 2064 Μηδείας

179 2063 404 2132 τεκνοκτονίαν
437 2071 477 2132 ab
513 2071 564 2134 illo
599 2071 712 2154 pictam
749 2067 787 2131 de
822 2067 894 2131 and.
923 2080 1009 2152 poet.
1037 2088 1066 2150 p.
1096 2079 1142 2142 17.
1168 2063 1242 2148 Fa),

179 2161 233 2222 ubi
267 2161 347 2222 hanc
383 2179 451 2222 rem
485 2179 503 2221 a
538 2160 658 2242 pictore
693 2177 875 2242 expressam
909 2177 975 2220 non
1009 2167 1139 2240 propter
1171 2158 1244 2219 artis

179 2250 333 2312 rationem
346 2247 533 2329 neglectam,
551 2246 605 2311 sed
618 2257 748 2332 propter
761 2247 830 2311 facti
842 2247 1066 2330 turpitudinem
1079 2247 1244 2330 vituperat.

180 2339 298 2414 (Bruun
321 2333 360 2398 K.
387 2337 422 2400 G.
449 2337 486 2400 ll.
513 2337 599 2415 279.)

286 2426 358 2488 Huc
388 2446 490 2508 usque
527 2427 684 2510 progressi
716 2425 846 2506 paulum
877 2425 938 2486 iam
975 2424 1181 2486 subsistamus
1214 2431 1246 2486 et

182 2511 355 2592 videamus,
390 2512 464 2597 quid
499 2511 539 2578 de
575 2515 732 2576 Plutarchi
766 2513 966 2576 artificiorum
1003 2513 1181 2594 cognitione
1215 2521 1247 2574 et

182 2603 291 2684 peritia
324 2601 517 2666 censendum
551 2604 598 2665 sit.
647 2603 800 2681 Primum¹
819 2599 947 2684 quidem
971 2609 1111 2685 apparet,
1141 2602 1246 2682 cogni-

180 2693 301 2754 tionem
320 2711 415 2775 quam
444 2692 552 2755 habuit
576 2693 648 2755 artis
672 2711 806 2774 operum
835 2686 921 2774 quod
946 2687 984 2752 ad
1009 2689 1113 2752 locum
1137 2690 1247 2752 attinet

179 2800 247 2842 non
274 2777 449 2844 admodum
478 2781 587 2864 amplis
621 2779 735 2843 linibus
764 2781 912 2854 coerceri,
951 2799 1025 2842 nam
1057 2789 1183 2860 praeter
1207 2800 1245 2841 ea

180 2889 264 2952 quae
299 2889 372 2932 cum
408 2871 504 2934 rebus
539 2871 634 2953 gestis
669 2866 851 2932 enarrandis
886 2863 1068 2932 cohaerent
1092 2867 1246 2950 simulque

181 2977 253 3021 cum
278 2961 388 3022 ceteris
413 2981 430 3021 e
455 2960 593 3024 fontibus
617 2959 770 3022 historicis
794 2959 906 3021 hausta
926 2967 1008 3031 sunt,
1032 2957 1086 3020 ubi
1110 2956 1247 3040 exempli

180 3046 233 3108 vel
268 3051 509 3130 comparationis
545 3068 638 3112 cansa
677 3046 716 3110 ad
756 3058 856 3110 artem
891 3044 1017 3112 recedit.
1054 3046 1246 3128 Olympiaca,

180 3135 397 3214 Atheniensia,
427 3138 607 3220 saepissime
639 3157 716 3200 vero
751 3137 901 3200 Boeotica
931 3133 1021 3198 affert
1049 3153 1156 3217 opera,
1188 3153 1246 3196 nec

180 3226 247 3288 sine
277 3244 371 3288 causa
395 3222 452 3288 dici
475 3236 590 3309 potest,
614 3247 655 3288 ex
679 3226 824 3290 omnibus
848 3225 1027 3286 hominibus
1044 3222 1245 3285 Plutarchum

179 3315 348 3397 praecipue
385 3315 552 3395 Graecum,
596 3337 614 3378 e
651 3314 776 3379 Graecis
819 3315 986 3397 praecipue
1022 3313 1190 3384 Boeotum,
1228 3333 1246 3374 e

180 3403 310 3466 Boeotis
341 3405 511 3488 praecipue
547 3404 807 3468 Chaeronensem
840 3403 944 3464 luisse.
1004 3400 1142 3466 Arctiori
1174 3402 1246 3464 huic

180 3493 300 3574 patriae
332 3494 425 3556 etiam
450 3493 593 3578 Delphos
621 3491 820 3556 adnumerari
848 3491 952 3570 velim,
986 3491 1040 3553 ubi
1068 3487 1246 3554 sacerdotio

181 3580 364 3662 fungentem
402 3584 535 3646 multum
574 3585 724 3666 temporis
763 3603 837 3644 eum
876 3579 998 3664 degisse
1037 3591 1148 3642 notum
1187 3590 1243 3642 est.

182 3665 288 3749 Quare
320 3691 425 3734 rerum
459 3672 684 3756 Delphicarum
717 3671 918 3733 fertilissimus
949 3680 996 3732 est
1024 3679 1143 3746 auctor,
1177 3688 1245 3751 per-

181 3760 342 3842 multaque
382 3763 524 3824 omnium
565 3780 647 3844 quae
687 3758 776 3822 affert
811 3779 945 3843 operum
984 3757 1137 3840 Delphica
1174 3765 1247 3818 sunt

180 3899 392 3908 “u—

290 3987 314 4046 ll
332 3982 463 4056 γράφουσι
489 3984 577 4038 δὲκαὶ
601 3982 704 4054 πράξεις
731 3973 847 4038 ἀτόπους
864 3990 937 4044 ὲνιοι,
956 3978 1081 4052 καθάπερ
1104 3978 1249 4050 Τιμόμαχος

180 4054 232 4108 riv
250 4054 364 4122 Μηδείας
381 4064 568 4110 τεκνοκτονίαν
585 4055 639 4114 κτλ,
676 4057 785 4107 Liberos
799 4072 904 4122 quoque
918 4060 949 4122 ¹in
963 4057 1052 4106 tabula
1065 4057 1146 4122 pictos
1158 4056 1245 4114 luisse,

181 4129 206 4179 id
227 4132 297 4195 quod
317 4132 457 4196 aliquando
476 4133 500 4180 in
521 4130 629 4181 dubium
648 4134 770 4178 vocatum
783 4135 830 4192 est,
848 4129 898 4178 iam
916 4128 971 4192 ipsa
992 4143 1056 4178 voce
1080 4132 1250 4180 τεκνοκτονία

181 4201 300 4257 eflicitur.
