3016 4794
641 320 681 381 l‘l

230 512 338 576 Vetus
359 505 434 572 illud
445 509 567 590 siguum
579 528 620 570 ex
636 508 721 592 ligno
740 509 887 594 oleagino
905 514 1103 597 exsculptum
1114 526 1191 580 erat.

129 601 302 687 (Athenag.
339 599 359 661 l.
396 619 421 661 c.
456 596 555 659 Schol.
578 595 747 662 Demosth.
781 619 809 661 c.
835 598 972 664 Androt.
1005 602 1070 683 13.)
1122 605 1192 668 Dea

130 701 215 758 stans
227 698 295 753 erat
307 687 379 751 ficta
390 686 544 768 armisque
555 688 715 762 instructa,
736 684 849 770 aegide
868 701 900 752 et
919 701 1010 755 scuto
1027 711 1100 755 cum
1119 713 1191 776 gor·

132 801 248 864 goneo,
284 773 380 860 quod,
411 793 481 838 cum
503 773 717 840 Athenienses
740 776 844 840 Persis
867 781 1190 864 appropinquantibus

132 889 171 932 ex
184 869 262 930 urbe
277 866 430 946 fugientes
445 865 540 926 etiam
556 863 722 928 Minervae
737 867 862 949 sfgnum
876 867 1046 945 auferrent,
1062 873 1188 954 periisse

130 965 233 1021 narrat
255 953 442 1016 Plutarchus
462 951 576 1015 Them.
605 968 653 1018 10.
678 951 853 1018 secundum
878 953 1064 1021 Clidemum.
1099 960 1191 1040 Quae

128 1044 202 1126 signi
225 1043 330 1106 forma
361 1060 477 1104 cume
511 1043 700 1124 scriptorum
729 1042 805 1106 locis
838 1056 982 1130 apparet,
1016 1056 1083 1110 tum
1116 1051 1191 1112 artis

126 1132 272 1218 operibus
295 1131 389 1194 nobis
412 1132 554 1207 servatis,
570 1128 610 1194 de
626 1132 740 1215 quibus
755 1131 818 1216 agit
832 1133 913 1217 Jahn
929 1135 947 1196 l.
964 1155 990 1198 c.
1005 1156 1035 1219 p.
1057 1148 1107 1200 12.
1123 1157 1190 1221 sqq.

152 1231 158 1262 ³
230 1220 350 1283 Omnia
367 1218 416 1283 illa
432 1220 521 1302 signa
532 1241 574 1283 ex
593 1221 679 1304 ligno
699 1230 788 1284 erant
804 1221 894 1298 facta,
912 1228 1106 1308 exponitque
1118 1246 1191 1290 cau-

127 1330 177 1373 sas
199 1309 393 1383 Plutarchus,
427 1328 484 1372 cur
516 1310 575 1372 hac
606 1311 804 1393 potissimum
827 1314 958 1376 materia
980 1316 1028 1377 usi
1051 1316 1111 1378 sint
1133 1314 1191 1379 illis

126 1399 321 1482 temporibus
343 1397 490 1482 neglecto
512 1394 617 1482 lapide
646 1418 726 1463 auro
755 1417 901 1482 argento.
945 1399 1100 1486 Lapidem
1123 1405 1189 1486 qui-

127 1485 199 1550 dem
233 1497 267 1550 ut
301 1507 369 1549 rem
409 1483 569 1551 duriorem
608 1491 741 1572 arteque
780 1485 943 1552 difficulter
981 1490 1188 1574 subigendam

126 1587 159 1640 et
181 1579 285 1640 anima
304 1584 464 1640 carentem
487 1577 518 1640 in
539 1573 672 1640 deorum
696 1579 850 1659 imagines
873 1579 1008 1642 formare
1029 1581 1191 1660 nolebant,

126 1685 237 1730 aurum
272 1674 380 1728 autem
414 1674 511 1749 atque
542 1677 707 1748 argentum
746 1667 856 1730 sterilis
891 1678 922 1730 et
957 1669 1099 1753 corrupti
1132 1670 1189 1733 soli

122 1756 290 1818 morbosas
320 1756 408 1836 quasi
432 1751 542 1818 sordes
565 1756 768 1839 maculasque
790 1757 868 1840 ignis
891 1756 997 1820 calore
1020 1779 1188 1842 expressas

118 1844 285 1928 putabant:
313 1841 384 1906 solo
406 1846 505 1906 ebore
523 1841 681 1907 interdum
696 1844 873 1908 utebantur.
903 1881 947 1890 —
970 1845 1089 1930 Effugit
1113 1868 1186 1910 eum

121 1953 219 1996 causa
253 1933 448 2015 gravissima,
490 1953 556 1996 non
590 1943 789 2014 reputantem
822 1935 985 2014 arborem,
1029 1938 1116 1998 cuius
1145 1957 1186 1998 ex

122 2021 209 2106 ligno
222 2020 417 2086 simulacrum
434 2021 551 2085 factum
575 2033 651 2101 erat,
674 2021 714 2084 illi
737 2023 792 2106 ipsi
817 2019 880 2085 deo
903 2032 1058 2086 sacratarn
1082 2024 1184 2086 fuisse.

232 2109 260 2172 E
284 2111 393 2173 ceteris
415 2111 535 2193 priscae
559 2120 590 2173 et
614 2109 698 2175 rudis
721 2113 795 2174 artis
818 2112 967 2196 operibus
982 2109 1071 2176 affert
1088 2113 1186 2175 basim

122 2201 251 2263 crateris
274 2201 415 2282 argentei
447 2200 487 2262 ab
511 2198 639 2282 Alyatte
661 2200 792 2283 Delphis
821 2197 952 2265 dedicati
977 2198 1032 2282 (de
1056 2199 1115 2265 del.
1139 2223 1184 2265 or.

118 2310 147 2372 p.
171 2287 249 2367 436.
270 2287 334 2365 A),
361 2309 458 2370 quam
471 2286 655 2352 Herodotus
684 2289 706 2352 I.
730 2302 772 2365 25
797 2281 1070 2375 ὑποκρητηρίδιον
1092 2311 1186 2355 voca-

119 2379 173 2440 vit.
224 2377 306 2440 Eam
341 2377 442 2441 basim
469 2377 654 2441 Plutarchus
690 2379 778 2461 quasi
815 2389 889 2442 ante
927 2379 1038 2441 oculos
1076 2381 1187 2458 habet,

124 2486 195 2528 cum
212 2463 370 2549 dialogum
388 2466 474 2531 illum
490 2467 623 2550 Delphis
634 2467 775 2529 habitum
787 2465 885 2548 fingit.
897 2467 1101 2548 Quamquam
1116 2469 1188 2528 arti-

122 2553 189 2617 ficis
211 2575 329 2618 nomen
352 2575 418 2618 non
453 2553 547 2634 addit,
580 2565 688 2618 tamen
716 2555 791 2637 quin
822 2555 948 2617 noverit
978 2574 1044 2617 non
1068 2551 1187 2634 dubito,

120 2663 193 2706 cum
216 2645 318 2727 ipsum
341 2641 428 2721 illud,
444 2665 510 2728 quo
533 2646 558 2706 is
580 2645 612 2707 in
631 2653 699 2706 arte
715 2642 846 2726 gloriam
861 2652 971 2706 nactus
989 2653 1047 2719 est,
1067 2640 1186 2708 disertis

119 2734 224 2797 verbis
237 2746 483 2797 commemoret:
497 2732 562 2816 nio
577 2727 635 2796 καὶ
649 2725 782 2818 σίδηρον
792 2727 850 2795 καὶ
861 2725 1003 2812 pullatae
1015 2726 1073 2795 ded
1084 2726 1187 2817 πυρὸς

120 2817 176 2883 καὶ
211 2813 332 2897 ἱῖὂατος
362 2816 484 2908 βαφήν.
530 2822 606 2886 Erat
641 2823 725 2884 enirn
765 2821 901 2885 Glaucus
936 2818 1059 2901 Chiusl)
1094 2825 1186 2886 huius

125 2912 225 2992 operis
248 2921 368 2992 auctor,
391 2913 443 2995 qui
471 2912 543 2975 ferri
570 2912 861 2975 ferruminationem
885 2913 1012 2988 invenit,
1035 2921 1070 2973 ut
1093 2908 1185 2972 tradit

126 2996 306 3062 Herodotus
329 3000 349 3062 l.
373 3021 398 3063 c.
444 2998 552 3063 Basim
575 3001 659 3064 illam
676 2997 855 3063 describunt
871 2999 1003 3063 Pausan.
1024 2998 1065 3060 X.
1089 2997 1136 3060 16.
1160 3011 1185 3058 1.

123 3095 156 3148 et
179 3086 291 3150 Athen.
312 3089 353 3153 V.
376 3110 407 3172 p.
434 3101 507 3152 210.
530 3090 565 3151 B.
590 3089 626 3151 C.

228 3176 299 3240 Huc
328 3179 424 3242 etiam
455 3185 574 3261 spectat
605 3177 721 3260 Iupiter
751 3193 867 3238 aureus
896 3172 1013 3236 malleo
1037 3173 1185 3251 caelatus

120 3283 216 3349 quem
237 3265 391 3351 Cypselus
407 3265 575 3349 Olympiae
598 3262 763 3339 dedicavit,
787 3282 851 3347 quo
875 3264 957 3326 circa
972 3260 1186 3348 olympiadem

118 3352 302 3419 XXXVIII.
336 3364 465 3420 mortuo
490 3355 642 3418 Corinthii
676 3353 762 3417 urbis
793 3372 912 3415 nomen
943 3353 1068 3437 publice
1098 3358 1185 3439 operi

118 3444 286 3506 inscribere
310 3445 490 3509 voluerunt.
520 3443 574 3528 (de
597 3444 688 3529 Pyth.
718 3462 802 3507 orac.
827 3463 857 3527 p.
880 3455 956 3521 400.
981 3443 1029 3522 Ε.)
1085 3445 1187 3508 Deest

119 3530 204 3595 locus
228 3531 313 3616 apud
330 3535 576 3600 Overbeckium.
624 3533 875 3617 (Schriftquellen
898 3554 955 3597 zur
971 3533 1186 3616 griechischen

118 3616 428 3705 Kunstgeschichte.)

222 3711 347 3775 Eorum
388 3715 440 3796 qui
479 3723 553 3776 ante
593 3710 736 3776 Phidiam
770 3711 945 3774 floruerunt
979 3705 1131 3768 artificum
1166 3723 1186 3767 a

118 3795 286 3866 Plutarcho
309 3803 491 3865 nominatur
514 3800 600 3863 solus
620 3799 809 3870 Nesiotes,
836 3817 898 3860 uua
922 3813 993 3857 cum
1010 3792 1184 3856 Alcamene

118 3897 149 3949 et
170 3889 272 3953 lctino
308 3910 412 3974 praec.
445 3890 520 3972 reip.
555 3908 619 3972 ger.
642 3909 671 3971 p.
701 3883 764 3948 802
788 3885 841 3963 A,
876 3880 915 3946 de
938 3901 1004 3966 quo
1027 3881 1098 3946 loco
1123 3883 1185 3946 iarn

117 3995 211 4062 supra
247 3975 392 4043 diximus
441 3979 503 4060 Qui
537 3977 686 4059 imprimis
720 3994 762 4037 eo
796 3971 945 4049 inclaruit,
980 3969 1076 4056 quod,
1112 3992 1182 4038 cum

226 4170 251 4240 ι)
271 4175 304 4230 cf,
323 4175 457 4226 Michaelis
475 4173 613 4227 Archaeol.
633 4173 688 4236 Ztg,
707 4167 798 4238 (1876)
816 4187 842 4236 p,
865 4170 922 4226 156,

969 4272 985 4322 2
