3016 4794
802 401 846 464 34

289 595 345 676 (K.
370 595 405 657 G.
426 593 462 656 ll.
487 591 581 671 144.)
606 581 741 678 Ιφοίνικα
766 595 896 656 rubrum
921 595 1070 669 colorem,
1095 615 1191 678 quem
1207 593 1354 658 Aristrati

290 685 410 768 figurae
445 682 577 744 illeverit
599 680 741 757 Nealces,
777 683 951 765 significare
985 681 1158 766 putandum
1188 694 1244 758 est,
1281 701 1355 746 cum

290 777 368 837 haec
406 773 492 834 vocis
525 769 707 852 significatio
742 773 773 833 iu
803 773 931 855 poetico
959 781 1080 835 tantum
1113 793 1259 835 sermone
1295 793 1354 836 usu

290 865 405 936 veniat,
432 870 518 922 certe
541 856 624 942 apud
647 858 849 922 Plutarchum
873 880 1027 944 nusquam
1052 863 1233 925 inveniatur.

396 949 584 1012 Melanthius
613 947 661 1009 ille
695 946 861 1032 discipulus
896 962 963 1013 erat
996 952 1162 1033 sociusque
1191 949 1354 1035 Pamphili,

289 1058 427 1122 quorum
451 1056 595 1136 operum,
621 1056 692 1098 curn
713 1037 900 1101 Ptolemaeo
917 1038 1056 1120 Euerget
1057 1050 1135 1100 aet
1123 1039 1247 1102 tabulas
1271 1040 1351 1102 colli-

288 1138 387 1212 geret,
366 1125 541 1191 tAratus
576 1127 724 1209 imprimis
755 1127 862 1230 habuit
896 1137 943 1188 ra
946 1147 1060 1230 ionem,
1095 1129 1211 1208 quain
1240 1149 1282 1203 re,
1315 1140 1347 1190 ut

291 1215 363 1280 dicit
397 1216 467 1279 Plu
468 1217 593 1288 archus
628 1213 763 1276 ostendit
796 1208 905 1297 κρίσιν
940 1204 996 1277 οἰκ
1028 1203 1251 1298 11111111111.
1290 1216 1348 1294 12.)

294 1303 390 1386 Quod
415 1306 481 1367 sine
511 1301 607 1365 dubio
631 1303 785 1365 Aratus
779 1323 845 1387 ipse
873 1305 903 1366 in
928 1307 1168 1380 commentariis,
1202 1325 1281 1389 quos
1304 1325 1352 1366 se·

291 1395 394 1478 quitur
417 1393 611 1466 Plutarchus,
636 1402 828 1454 narraverat.

395 1482 455 1544 Pro
478 1481 764 1563 Chaerephanis
785 1482 913 1544 nomine
935 1481 1005 1544 alibi
1029 1483 1147 1564 ignoto,
1165 1483 1219 1586 qui
1243 1501 1352 1544 secun-

289 1569 364 1633 dum
380 1571 450 1634 Plu
452 1571 581 1633 archum
602 1565 641 1630 de
659 1567 730 1632 aud
758 1581 843 1671 poet.
863 1591 893 1652 p.
916 1583 963 1644 17.
979 1570 1015 1632 F.
1040 1573 1138 1652 pinxit
1156 1561 1356 1645 asoluorot5

290 1652 423 1740 ὁμιλίας
454 1657 614 1741 γυναικῶν
646 1651 730 1742 πρὸς
763 1647 882 1742 ἄνδρας
905 1657 1120 1742 Wyttenbach
1144 1680 1266 1742 ponere
1290 1660 1358 1722 vult

290 1747 570 1831 Nicophanem,
589 1756 619 1808 et
636 1748 738 1830 ipsum
755 1744 920 1830 Sicyoniae
936 1747 1064 1810 scholae
1081 1757 1128 1810 art
1116 1749 1240 1822 tificem,
1260 1769 1357 1830 quem

290 1837 423 1901 Polemo
447 1856 496 1919 ap.
522 1834 639 1898 Athen
664 1835 748 1898 Xlll.
773 1838 847 1912 567.
878 1837 911 1899 Β.
941 1845 1105 1899 enumerat
1132 1837 1212 1899 inter
1239 1858 1358 1918 πορνο-

291 1919 527 2027 1111111111μυί
562 1925 729 1988 assentitur
752 1926 860 1987 Brunn
884 1921 924 1985 Κ.
949 1925 983 1987 G.
1007 1925 1044 1988 ll.
1085 1936 1154 2025 157.
1187 1927 1356 2008 ceterique.

290 2015 414 2079 Remt
392 2025 433 2078 111
449 2035 483 2076 se
501 2015 619 2076 habere
632 2034 697 2077 non
714 2032 843 2097 prorsus
859 2015 1053 2096 negaverim,
1070 2015 1147 2077 mira
1158 2024 1265 2077 tamen
1277 2018 1357 2078 eius·

291 2104 378 2167 modi
401 2104 491 2166 luerit
515 2105 673 2186 corruptio
698 2104 861 2186 magisque
877 2105 972 2164 mirus
988 2105 1083 2187 ipsius
1098 2105 1235 2166 auctoris
1259 2125 1357 2167 error.

292 2190 376 2274 Quid
405 2194 429 2254 si
465 2200 642 2254 commutes
674 2191 910 2274 Chaerephanis
941 2213 1059 2255 nomen
1092 2212 1163 2255 cum
1191 2193 1358 2256 Parrhasio

293 2278 517 2344 antecedente?
541 2279 696 2342 Parrhasii
723 2281 862 2361 picturae
884 2279 982 2341 Ulixis
1007 2281 1183 2344 simulatam
1207 2284 1358 2346 insaniam

293 2367 487 2432 ostendentis
516 2369 591 2430 item
615 2368 687 2430 alibi
710 2367 806 2431 mulla
829 2367 863 2431 fit
878 2371 1007 2448 mentio,
1023 2369 1143 2432 lascivis
1160 2379 1267 2434 autem
1291 2373 1358 2434 eius

292 2460 416 2541 generis
449 2458 524 2520 iocis
560 2477 633 2519 eum
669 2452 834 2520 indulsisse
867 2457 1054 2521 confirmant
1086 2459 1199 2522 Plinius
1228 2473 1279 2538 35.
1307 2472 1357 2536 71.

291 2549 421 2611 Sueton
444 2546 628 2624 Τ11111.44.

400 2633 522 2699 Eadem
538 2635 604 2698 lere
624 2644 729 2697 aetate
745 2653 807 2716 qua
818 2631 961 2718 Sicyone
978 2633 1126 2720 pingendi
1145 2658 1195 2700 ars
1215 2637 1359 2713 florebat

294 2726 414 2788 Thebis
439 2744 569 2824 quoque
594 2721 730 2806 indeque
758 2721 862 2786 edocti
886 2722 1021 2788 Athenis
1049 2727 1198 2808 praeclari
1226 2725 1358 2788 artifices

296 2817 482 2876 exstiterunt
496 2815 585 2875 unius
598 2814 727 2875 scholae
739 2813 866 2875 vinculo
879 2815 1041 2876 coniuncti.
1075 2815 1257 2895 Quorump
1260 2814 1357 2874 rimus

295 2903 426 2986 gloriam
443 2899 576 2984 adeptus
595 2899 917 2980 estNicomachus‚
941 2923 1036 2985 quern
1060 2905 1119 2966 iarn
1138 2923 1178 2964 ex
1200 2833 1280 2963 dicpto
1305 2901 1359 2964 illo

296 2991 335 3054 de
353 2989 500 3054 Zeuxidis
519 2991 641 3052 lrlelena
657 2991 817 3070 cognitum
835 2991 997 3053 habemus.
1028 2993 1188 3072 Quantam
1206 3001 1312 3053 autern
1330 2993 1359 3052 ei

294 3083 435 3144 tribuerit
465 3081 683 3142 auctoritatem
707 3079 893 3142 Plutarchus
917 3077 989 3142 inde
1012 3091 1152 3165 apparet,
1175 3077 1260 3164 quod
1284 3098 1358 3141 eum

296 3171 386 3233 simul
431 3190 502 3232 cum
538 3165 678 3230 Zeuxide
716 3181 746 3230 el
784 3167 898 3250 Apelle
931 3173 1072 3232 nominat
1100 3168 1139 3232 de
1178 3169 1250 3233 rnul.
1291 3169 1357 3230 virt.

296 3283 326 3344 p.
353 3272 425 3337 243.
450 3258 501 3333 A.‚
539 3259 600 3320 alio
635 3267 741 3336 autem
775 3256 846 3319 loco
872 3256 1096 3407 (tTimolgo.)
1131 3260 1198 3320 eius
1225 3260 1361 3342 picturas

295 3369 367 3411 cum
397 3347 529 3410 Homeri
563 3347 704 3408 versibus
739 3354 918 3430 comparat,
952 3367 1024 3410 cum
1051 3358 1176 3430 praeter
1209 3347 1361 3430 reliquam

298 3439 361 3498 vim
386 3447 418 3498 et
446 3435 576 3518 gratiam
605 3433 751 3536 expedite
783 3445 814 3497 et
845 3435 933 3498 facile
967 3437 1148 3498 elaboratae
1182 3433 1358 3499 videantur.

254 3590 257 3595 ,
297 3523 576 3601 Narratiunculam,
614 3543 694 3605 quae
733 3525 763 3585 in
802 3526 904 3608 scripti
896 3522 1250 3607 rPseudoplutarchei
1283 3520 1359 3608 περὶ

296 3604 467 3699 ἀσκήσεως
491 3613 637 3674 versione
660 3612 814 3694 syriacat
802 3612 912 3674 tradita
948 3624 1004 3687 est,
1040 3612 1081 3674 ad
1115 3612 1240 3676 artificis
1263 3616 1362 3677 nostri

295 3713 436 3769 aetatem
465 3710 609 3764 accurate
638 3697 854 3763 stabiliendam
882 3699 1009 3764 adhibet
1037 3702 1214 3765 Buecheler
1237 3701 1272 3766 N
1299 3703 1362 3765 Rh

296 3793 375 3856 llus.
399 3790 533 3856 XXVll
559 3810 588 3873 p.
614 3791 688 3866 536,
715 3790 808 3852 Anm.
825 3806 864 3852 1.
912 3790 956 3852 lbi
986 3792 1069 3854 eninr
1097 3801 1250 3870 narratur,
1273 3791 1365 3854 Anti·

297 3881 443 3967 patrol
412 3876 622 3944 Macedonum
655 3880 729 3961 regi,
763 3899 836 3941 cum
872 3881 1014 3962 pretium,
1049 3877 1134 3963 quod
1166 3901 1224 3964 pro
1260 3880 1365 3981 effigie

297 3990 355 4033 sua
378 3966 584 4050 quadraginta
552 3964 718 4030 tdiebus
742 3989 760 4030 a
783 3965 977 4031 Nicomacho
1001 3970 1083 4053 picta
1105 3969 1250 4048 solverat,
1273 3971 1365 4032 nimis

298 4077 447 4140 magnum
472 4053 600 4120 dixisset
623 4077 681 4140 pro
706 4067 770 4120 tam
794 4059 897 4119 brevis
920 4061 1072 4142 temporis
1088 4059 1208 4135 labore,
1232 4077 1365 4142 respon·

281 4144 380 4228 'disse
404 4143 563 4218 artificem,
588 4165 652 4208 non
677 4145 883 4228 quadraginta
911 4144 985 4227 dies,
1018 4145 1082 4210 sed
1102 4146 1233 4210 totidem
1263 4167 1366 4211 annos

300 4237 329 4298 in
353 4234 460 4298 tabula
487 4231 676 4317 perficienda
700 4255 734 4296 se
759 4237 1002 4318 consumpsisse:
1043 4247 1108 4298 tam
1136 4234 1188 4300 diu
1217 4238 1299 4299 enirn
1329 4257 1366 4299 se
