3016 4794
791 374 811 438 6

267 585 454 668 comparare
476 585 559 650 quae
571 562 642 630 drcrt
660 566 920 647 Quintilianusli.
946 567 1052 646 19.3,
1054 565 1201 652 ,denique
1216 577 1330 634 natura

267 656 397 721 materia
419 651 579 720 doctrinae
603 663 660 730 est,
688 656 769 720 haec
795 653 892 740 fingit,
919 657 970 722 illa
991 656 1128 741 fingitur.
1174 654 1256 722 Nihil
1277 678 1330 723 ars

266 746 332 810 sine
365 744 506 821 materia,
538 744 688 809 materiae
714 745 809 809 etiarn
840 745 907 810 sine
934 755 1003 810 arte
1026 747 1161 830 pretium
1185 755 1242 825 est,
1277 767 1330 812 ars

265 851 389 898 summa
412 832 543 900 materia
566 830 688 917 optima
709 833 848 898 melior.“

373 921 465 1004 Quae
496 918 630 988 subinde
656 922 865 1001 inveniuntur,
902 918 943 986 ad
982 924 1135 1007 picturam
1174 923 1327 1008 pleraque

265 1012 431 1095 pertinent,
453 1010 598 1113 neglecta
612 1020 680 1076 arte
703 1011 862 1076 statuaria.
908 1008 1021 1113 Neque
1043 1009 1074 1075 id
1090 1013 1218 1078 mirum:
1241 1011 1328 1078 vide·

266 1102 357 1164 batur
385 1101 468 1164 enim
495 1101 616 1204 pictura
640 1100 754 1164 artium
780 1099 900 1166 illarum
930 1101 1033 1170 minus
1055 1100 1208 1166 illiberalis
1230 1111 1328 1187 atque

265 1198 300 1252 61
334 1188 506 1254 vocabatur
538 1181 713 1269 βάναυσος,
751 1208 848 1272 quam
883 1189 934 1252 vel
968 1190 1125 1275 principes
1158 1190 1329 1276 voluptatis

265 1295 359 1341 causa
382 1286 568 1342 exercerent
591 1273 811 1379 discerentque
833 1279 923 1362 pueri
944 1279 977 1342 in
1000 1279 1122 1344 scholis

369 1364 534 1432 Praestare
561 1367 721 1450 picturam
755 1367 930 1432 coloratam
968 1363 1084 1434 dicit
1076 1368 1203 1452 rmagiru
1240 1368 1328 1434 lineis

264 1450 362 1518 modo
386 1473 557 1540 expressae
584 1454 722 1541 plusque
750 1455 876 1522 allicere
903 1457 1042 1522 animum
1070 1466 1202 1542 propter
1224 1458 1327 1522 simili·

263 1540 404 1609 tudinem
433 1544 650 1652 nlaioremque
676 1541 800 1610 1611611111
820 1553 1027 1651 potestatem.
1067 1543 1118 1625 (de
1141 1543 1213 1610 aud.
1238 1556 1325 1631 poet.

262 1654 293 1716 p
322 1633 363 1697 16
396 1627 469 1698 Β.’
453 1653 487 1696 εν
508 1633 684 1739 μραφαῖς
673 1625 923 1738 κινητικωτερὸν
944 1626 1017 1696 ἐστι
1040 1655 1156 1718 χρωμα
1178 1635 1327 1723 γραμμῆς

264 1713 378 1784 διὰ
344 1743 382 1784 το
405 1710 607 1805 dispunctor
628 1742 686 1784 και
676 1710 900 1808 ἀπατηλόν.)
946 1721 1042 1786 Falso
1069 1721 1220 1787 intellexit
1242 1725 1327 1790 hunc

262 1811 367 1874 locum
391 1809 537 1874 Schasler
558 1809 774 1874 Aesthetikl.
801 1822 875 1887 217,
904 1811 957 1896 qui
986 1812 1015 1874 in
1044 1821 1112 1876 tota
1138 1812 1198 1875 hac
1226 1831 1262 1875 re
1284 1810 1326 1877 de

262 1897 430 1964 Plutarcho
452 1898 543 1964 nimis
565 1899 669 1983 inique
685 1896 809 1976 iudicat,
826 1896 990 1965 dissentire
1006 1920 1080 1964 eum
1096 1900 1138 1964 ab
1151 1898 1326 1966 Aristotele

263 1986 378 2066 dicens,
405 1989 472 2091 qui
485 1989 646 2074 picturam,
674 1986 761 2074 quod
789 1990 930 2054 omnium
959 1991 1072 2054 artium
1101 1990 1229 2054 minime
1257 1991 1323 2054 imi-

262 2088 354 2157 tetur,
398 2078 527 2143 minime
554 2096 684 2161 quoque
714 2075 756 2142 ad
781 2097 889 2142 mores
918 2063 1025 2163 (ἦθος)
1057 2079 1215 2163 pertinere
1249 2099 1323 2146 con·

261 2163 377 2231 tendat.
428 2165 545 2246 (Probi.
573 2165 660 2230 XIX.
691 2179 739 2244 17.
767 2164 834 2230 Pol.
864 2166 947 2232 Vlll.
977 2167 1018 2246 5).
1072 2164 1168 2249 Quod
1192 2170 1324 2234 omniuo

261 2275 326 2319 non
351 2252 421 2318 dicit
444 2254 638 2332 Plutarchus,
666 2252 721 2318 sed
744 2255 819 2320 nihil
841 2256 897 2320 nisi
920 2256 1073 2340 picturam
1097 2256 1246 2323 linearem
1270 2278 1322 2322 co·

262 2345 378 2410 loribus
402 2339 512 2408 additis
535 2344 635 2428 magis
657 2341 697 2407 ad
713 2345 878 2408 veritatem
900 2342 1065 2422 accedere,
1089 2342 1119 2408 id
1135 2343 1222 2430 quod
1238 2358 1323 2412 certe

261 2453 357 2498 nemo
385 2432 558 2517 negaverit.
615 2429 729 2517 Neque
762 2434 846 2500 enim
881 2430 1053 2518 quidquam
1088 2436 1151 2499 huc
1185 2437 1323 2520 pertinet

261 2520 437 2588 Aristotelis
464 2541 561 2605 quem
587 2518 680 2587 affert
703 2522 846 2587 Schasler
872 2522 962 2588 locus
989 2523 1078 2588 Poet
1100 2523 1132 2600 6,
1160 2526 1215 2589 ubi
1238 2527 1323 2591 colo·

260 2613 346 2676 ribus
373 2610 426 2674 vel
453 2611 670 2713 pulcherrimis
703 2612 771 2676 sine
804 2611 866 2676 ulla
900 2611 1002 2677 forma
1034 2613 1163 2678 tabulae
1189 2611 1324 2680 inductis

260 2700 461 2803 anteponitur
484 2701 590 2784 imago
613 2699 701 2764 lineis
723 2698 822 2766 modo
846 2697 979 2785 depicta.
1027 2701 1123 2783 Quod
1140 2703 1233 2768 etiam
1256 2722 1322 2766 ma

261 2791 307 2894 gis
355 2789 491 2853 elucebit
536 2788 651 2893 cpllato
694 2788 768 2855 loco
814 2787 951 2854 Platonis
986 2789 1074 2854 Polit.
1115 2811 1145 2874 p.
1183 2800 1245 2865 277
1286 2790 1322 2854 C

261 2869 278 2942 ὁ
304 2868 447 2983 λόγος’
429 2878 509 2962 ημῖν
529 2867 648 2983 ὥσπερ
681 2874 765 2956 ζῶον
792 2870 850 2986 τὴν
876 2871 999 2957 ἔξωθεν
1029 2873 1089 2958 μὲν
1115 2871 1323 2982 περιγραφὴν

259 2960 363 3032 ἔοικεν
387 2959 506 3042 ικανῶς
526 2958 619 3046 ἔχειν,
644 2957 702 3071 τὴν
725 2954 818 3030 de
784 2987 854 3030 οιον
880 2987 950 3041 τοις
958 2959 1180 3073 φαρμάκοις
1190 2961 1248 3029 καὶ
1282 2967 1322 3054 τῇ

261 3047 433 3140 σνγκράσει
454 3053 521 3117 τῶν
542 3050 724 3140 χρωμάτων
746 3047 912 3139 ἐνάργειαν
935 3075 991 3117 ova
1014 3049 1235 3142 απειληφέναι
1254 3078 1321 3136 πω,

260 3145 348 3210 simili
371 3144 607 3228 comparatione
629 3163 668 3208 ac
687 3144 871 3208 Plutarchus
890 3142 946 3208 usi.

365 3232 539 3317 Praecepta
568 3252 697 3317 quoque
724 3229 809 3296 dedit
836 3251 903 3296 non
937 3231 1054 3296 inutilia
1088 3244 1120 3299 et
1152 3234 1323 3317 pictoribus

260 3322 332 3404 ipsis
356 3332 387 3385 et
411 3322 650 3407 spectatoribus,
673 3330 709 3385 ut
731 3330 817 3385 recte
839 3321 1043 3387 aestimarent
1065 3320 1235 3385 artificium.
1270 3320 1321 3385 Α6

258 3411 431 3494 pictoribus
447 3405 575 3495 quidem
591 3406 767 3475 cavendum
791 3431 871 3488 esse,
895 3431 945 3487 ne,
969 3411 994 3474 si
1016 3407 1182 3494 pulchrum
1206 3407 1321 3495 aliquid

259 3509 290 3564 et
312 3496 484 3564 iucundum
506 3500 566 3563 sint
587 3500 707 3584 picturi,
741 3520 782 3564 eo
817 3499 848 3563 in
868 3500 1041 3565 imitatione
1066 3495 1249 3582 procedant,
1275 3509 1319 3576 ut,

259 3589 283 3652 si
310 3585 385 3672 quid
412 3598 504 3674 turpe
532 3589 578 3652 rei
606 3585 824 3672 depingendae
853 3584 1037 3663 adhaereat,
1066 3606 1161 3671 quam
1191 3584 1321 3673 diligen

257 3678 374 3743 tissime
388 3673 461 3742 illud
482 3678 669 3780 exprimant.
725 3675 837 3760 Neque
847 3686 954 3740 tamen
964 3696 1095 3741 ommno
1112 3675 1320 3743 omittendum

259 3788 340 3832 esse:
365 3777 433 3831 tum
456 3767 549 3843 6111111,
573 3767 652 3830 sicut
675 3775 769 3831 antea
790 3761 987 3851 pulchritudo
1012 3763 1067 3830 del
1052 3767 1153 3844 luerit,
1182 3768 1318 3832 similitu-

259 3854 362 3920 dinem
386 3853 554 3922 desiderari
578 3852 668 3939 (Cim.
696 3853 737 3934 2)

363 3943 429 4009 Ν66
452 3946 583 4010 omnino
606 3963 765 4008 summum
787 3943 912 4010 artificis
940 3943 1077 4009 officium
1105 3965 1176 4010 esse
1203 3964 1318 4045 corpus

258 4033 431 4118 faciemque
454 4035 573 4118 pictura
595 4034 717 4109 imitari,
755 4030 811 4097 sed
838 4032 939 4098 multo
963 4033 1058 4140 pluris
1085 4033 1243 4098 aestimari
1270 4040 1316 4095 ta-

257 4122 363 4186 bulam
390 4141 454 4228 qua
481 4143 606 4187 mores
638 4082 772 4208 intellegi
795 4123 924 4208 possint.
942 4115 1123 4202 (εἰκόνα
1089 4143 1128 4185 το
1149 4109 1233 4206 ἦθος
1259 4115 1316 4182 καὶ

257 4203 314 4274 τὸν
347 4205 532 4296 19611011
505 4206 746 4298 ἕμφανίζοισαν
778 4209 863 4291 ibid.)
926 4211 1029 4276 Recte
1063 4207 1189 4295 quidem
1221 4209 1316 4272 utitur
