3016 4794
678 360 718 429 19

164 556 202 623 E.
227 554 352 619 Curtius
375 551 485 634 (Arch.
510 553 576 638 Ztg.
603 566 642 629 25
682 548 795 638 [1877]
831 574 862 636 p.
895 549 970 635 134)
990 553 1111 634 primus
1141 547 1226 612 illum

163 645 330 726 lragnranti
350 643 453 711 locum
478 644 698 726 interpolatum
721 643 895 725 suspicatus
918 650 975 716 est,
1001 660 1073 706 curn
1092 638 1226 712 chrono-

164 733 303 814 logicum
315 729 687 798 AtthidisPhilochoreae
704 728 847 799 ordinem
862 749 991 814 prorsus
1009 730 1225 810 interrumpat,

164 841 222 886 nec
246 819 493 904 improbabilem,
510 816 595 886 unde
617 822 697 888 haec
713 819 817 892 sabula
841 824 925 884 orta'
939 822 986 894 sit,
1012 815 1225 894 coniecturam

164 910 291 992 protulit
310 905 505 972 Loeschcke.
552 910 635 980 Cum
664 909 834 977 Plutarcho
857 909 951 976 sentit
966 907 1115 990 Ephorus
1143 901 1227 987 apud

163 995 254 1062 Diod.
280 998 335 1060 Sic.
360 997 428 1062 XII.
454 1010 505 1075 39.
532 1009 563 1062 et
586 1001 621 1074 is,
650 1019 745 1083 quern
774 997 930 1062 Plutarchi
964 996 1084 1063 fontem
1119 1001 1226 1056 censet

161 1084 369 1158 Loeschcke,
394 1085 541 1153 Craterus
571 1090 602 1151 in
646 1086 811 1172 συναγωγῇ
853 1077 1093 1170 ψηφισμάτων.
1150 1079 1225 1146 Inde

161 1173 292 1239 efficitur
315 1195 439 1241 novum
474 1173 547 1238 illud
583 1185 616 1240 et
649 1175 879 1258 gravissimum,
907 1175 1017 1240 lovem
1042 1171 1225 1255 Olympium

160 1263 261 1326 multo
286 1272 360 1326 ante
377 1262 551 1329 Minervam
576 1263 899 1346 chryselephantinam
922 1263 1097 1346 perlectum
1121 1279 1200 1322 esse.

271 1351 400 1434 Optime
438 1348 575 1418 ostendit
617 1349 753 1417 studium
797 1352 954 1430 veritatis,
1006 1347 1090 1433 quod
1131 1348 1225 1412 coluit

163 1436 359 1515 Plutarchus,
393 1438 479 1522 quod
515 1438 717 1507 mendacibus
751 1437 947 1523 sordidisque
979 1437 1222 1512 narratiunculis,

160 1548 242 1609 quae
265 1549 284 1592 a
308 1531 434 1592 comicis
451 1527 491 1592 de
504 1526 621 1596 Pericle
637 1539 669 1592 et
685 1526 793 1593 Phidia
810 1528 1106 1601 circumferebantur
1123 1546 1163 1590 ex
1180 1528 1223 1591 in·

160 1613 241 1682 vidia
269 1627 300 1686 et
323 1619 477 1683 inimicitia
500 1619 618 1682 exortis
641 1621 752 1682 acriter
776 1617 1004 1685 obluctabatur.
1052 1612 1093 1696 (c.
1125 1627 1172 1690 13.
1200 1635 1222 1675 s.

157 1704 222 1782 fin.)
269 1705 377 1788 Atque
401 1707 442 1770 ita
466 1704 592 1788 quidem
616 1707 852 1790 praeclarissimi
867 1704 991 1770 artificis
1006 1725 1079 1768 cnm
1095 1723 1221 1766 summo

157 1796 200 1856 rei
219 1794 368 1876 publicae
384 1805 508 1858 rectore
521 1797 696 1862 amicitiam
717 1795 896 1860 rumoribus
919 1795 1221 1866 contaminaverunt,

157 1893 190 1944 ut
218 1880 361 1954 Phidiam
385 1884 507 1948 nobiles
543 1885 698 1959 mulieres,
731 1905 813 1966 quae
848 1886 878 1948 in
913 1881 1070 1948 officinam
1102 1878 1221 1944 visendi

160 1991 253 2034 causa
291 1973 459 2046 venissent,
492 1975 580 2056 qnasi
616 1974 764 2038 lenonem
789 1971 896 2036 Pericli
920 1969 1098 2044 adduxisse,
1124 1971 1221 2032 immo

159 2068 261 2122 totum
283 2060 399 2124 bellum
423 2072 553 2146 propter
581 2063 747 2146 Aspasiam
775 2061 827 2124 vel
855 2069 983 2144 propter
1011 2055 1152 2122 Phidiam
1181 2059 1220 2120 ab

160 2168 200 2210 eo
234 2150 393 2212 incensum
437 2172 507 2214 esse
553 2149 700 2216 dicerent.
764 2149 847 2229 (Per.
881 2163 925 2226 30
966 2167 1038 2212 cum
1078 2147 1221 2209 versibus

157 2248 311 2313 524-27
352 2261 393 2300 ex
417 2240 672 2306 Acharrrensibus
712 2238 827 2317 citatis,
862 2236 901 2300 de
936 2233 1056 2302 Herod.
1095 2235 1219 2318 malign.

156 2346 183 2408 p.
209 2326 283 2402 856.
312 2327 364 2403 A„
388 2330 442 2392 ubi
465 2327 572 2394 alludit
600 2329 640 2396 ad
665 2329 735 2392 Pac.
760 2350 788 2390 v.
805 2327 878 2403 605.
905 2323 985 2410 sqq.)
1033 2325 1083 2390 De
1107 2325 1220 2413 quibus

157 2425 241 2478 recte
265 2413 451 2482 Plutarchus
475 2440 498 2481 c.
529 2432 583 2495 13:
610 2411 711 2492 οὕτως
734 2411 819 2480 ἔυινε
842 2409 951 2500 πάντη
967 2406 1111 2492 χαλεπὸν
1134 2413 1220 2474 είναι

158 2498 213 2563 καὶ
242 2500 447 2589 δυσθήρατον
484 2501 614 2592 ἱστορίη
642 2497 804 2590 τάληθές,
834 2496 912 2567 ὅταν
940 2497 971 2566 ol
997 2499 1056 2580 μὲν
1088 2493 1219 2582 ὕστερον

158 2585 318 2672 γεγονότες
341 2588 395 2657 τὸν
426 2590 539 2679 χρόνον
573 2591 692 2674 ἔχωσιν
725 2591 998 2675 ἐπιπροσθοῦντα
1033 2611 1072 2675 τη
1100 2581 1219 2670 γνώσει

158 2679 223 2742 τῶν
245 2678 454 2766 πραγμάτων,
483 2676 503 2769 η
531 2682 567 2748 δὲ
595 2685 660 2746 τῶν
688 2677 838 2767 πράξεων
865 2675 922 2743 καί
950 2677 1017 2741 τῶν
1042 2671 1127 2759 βίων
1149 2667 1220 2756 ηλι-

155 2768 271 2844 κιιῦτις
299 2765 428 2856 ἱστορία
457 2767 498 2836 τά
528 2770 587 2855 μὲν
616 2767 757 2859 φθάνοις
783 2766 840 2833 καί
869 2761 1081 2849 δυσμενείαις,
1111 2759 1151 2828 τά
1184 2762 1219 2828 δὲ

156 2856 347 2946 χαριζομένη
380 2858 436 2924 καὶ
469 2857 684 2926 κολακεύουσα
718 2854 913 2947 λυμαίνηται
947 2852 1003 2922 καί
1037 2851 1218 2940 διαστρέφῃ

158 2939 213 3029 την
236 2937 404 3033 ἀληθειαν,
452 2951 516 3016 Nec
532 2952 664 3019 omniuo
681 2949 883 3015 Plutarchum
900 2948 1013 3011 veteris
1030 2941 1217 3009 comoediae

159 3037 259 3115 poetis
281 3038 388 3102 favere
412 3060 483 3104 cunr
508 3062 550 3104 ex
574 3042 638 3107 aliis
666 3043 852 3124 scriptorum
879 3037 953 3100 locis
982 3044 1049 3096 turn
1082 3054 1100 3094 e
1129 3051 1217 3094 com·

156 3125 317 3204 paratione
340 3149 435 3210 quam
453 3132 572 3214 scripsit
588 3129 807 3212 Aristophanis
823 3139 855 3188 et
870 3119 1032 3188 Menandri
1048 3119 1217 3184 clarissime

156 3223 294 3294 apparet,
318 3237 457 3298 quocum
481 3217 510 3280 id
527 3237 657 3302 quoque
673 3218 835 3290 consentit,
853 3211 939 3297 quod
955 3213 1049 3293 longe.
1066 3210 1217 3292 plurimos

155 3311 299 3368 veterum
323 3309 517 3372 comicorum
545 3309 643 3381 locos,
673 3307 726 3388 qui
756 3305 880 3368 invitis
912 3302 1121 3374 inveniuntur,
1150 3319 1217 3362 non

153 3410 193 3452 ex
217 3393 358 3474 ipsorum
383 3407 552 3479 poetarum
574 3397 718 3475 lectione,
740 3391 797 3458 sed
821 3414 861 3456 ex
884 3391 1037 3454 historicis
1059 3409 1141 3476 quos
1164 3386 1217 3452 ad-

154 3479 253 3542 hibuit
276 3481 414 3548 lontibus
438 3483 573 3565 hausitll

260 3570 415 3638 Ceterum
440 3578 501 3640 iam
526 3578 575 3640 hic
599 3576 692 3640 aliam
715 3573 885 3650 historiam,
908 3589 990 3652 quae
1014 3565 1128 3632 eodem
1143 3568 1218 3630 mihi

150 3667 296 3738 spectare
320 3661 450 3743 ridetur,
474 3663 626 3729 adseram.
666 3661 815 3726 Narratur
839 3661 908 3724 Per.
935 3672 974 3734 3.,
991 3657 1143 3722 Periclem
1168 3675 1218 3718 ce-

152 3747 228 3808 teris
252 3748 380 3831 quidem
405 3757 546 3837 corporis
569 3754 709 3836 partibus
732 3772 796 3816 non
811 3751 902 3814 luisse
912 3741 1218 3829 reprehendendum,

149 3835 281 3900 nimium
305 3850 412 3906 autern
437 3852 468 3904 et
489 3836 656 3925 'inaequale
689 3848 781 3922 caput
804 3833 959 3902 habuisse.
1007 3833 1114 3913 Quare
1142 3851 1216 3893 eum

148 3924 190 3985 ab
215 3926 395 4010 artificibus,
429 3942 463 3993 ut
492 3932 700 3994 occultaretur
732 3925 803 3991 illud
832 3928 954 4005 vitium,
987 3943 1112 4005 semper
1145 3932 1240 3985 cum

148 4065 260 4073 --.--

148 4209 208 4258 Plu}
240 4135 287 4267 9l)
308 4143 438 4263 cf,6Rt'r‚hl,
462 4147 549 4196 Uebcr
580 4147 619 4196 die
641 4145 752 4208 Quellcn
771 4144 816 4192 dts
836 4141 904 4192 Plut.
924 4141 980 4190 Per.
1001 4137 1072 4186 Neue
1090 4136 1178 4199 Jahrb,
1199 4135 1215 4190 l.

179 4225 218 4261 ¹¹·
260 4219 282 4266 7-
303 4227 328 4275 a.
368 4221 408 4271 τε.

1006 4304 1038 4358 2*
