3016 4794
826 308 866 370 18

1360 389 1399 426 Ὀ

315 497 578 583 tyrannicidarum
614 507 729 564 statuas
761 499 800 560 ab
826 497 993 562 Antenore
1026 499 1109 564 tusas
1132 500 1248 564 Persae
1271 522 1375 566 secum

316 587 486 664 duxissent,
500 608 562 650 una
575 607 646 650 cum
666 586 762 649 Critio
778 605 879 650 novas
896 587 976 662 fecit,
1001 607 1079 670 quas
1103 609 1176 652 cunr
1192 610 1234 654 ex
1248 589 1376 655 Luciam

314 679 402 755 (rhet.
416 695 519 760 praec.
537 675 574 755 9)
589 672 797 759 descriptione
809 686 876 739 tum
887 678 1086 759 exoperibus
1098 682 1290 742 conseruatis
1306 683 1381 750 satis

315 765 408 848 plane
437 767 600 828 restituere
623 783 799 848 possumus.
846 763 911 828 Nec
934 765 1102 828 Plutarcho
1127 777 1216 831 eraut
1238 769 1378 852 ignotae:

312 852 403 917 affert
415 855 500 918 enim
523 850 597 916 illud
620 853 823 936 Antiphontis
834 855 940 938 tragici
964 873 1164 936 responsum,
1188 858 1240 938 qui
1264 877 1336 920 curn
1359 879 1381 922 a

313 942 469 1024 Dionysio
492 953 625 1026 tyranno
649 945 794 1023 quaestio
816 953 1011 1016 moveretur,
1035 941 1196 1026 quodnam
1220 965 1274 1007 aes
1294 959 1379 1010 esset

314 1032 469 1114 optimum
493 1030 619 1094 dixerit:
656 1028 728 1092 illud
761 1051 801 1092 ex
830 1051 895 1114 qno
920 1032 1130 1095 Athenienses
1154 1032 1319 1096 Harmodii
1346 1046 1379 1098 et

315 1122 540 1203 Aristogitonis
564 1128 680 1182 statuas
703 1116 849 1184 fecissent
883 1119 937 1200 (de
970 1119 1050 1184 adul.
1085 1132 1116 1184 et
1139 1125 1242 1185 amico
1268 1143 1298 1206 p.
1323 1123 1377 1188 68.

313 1211 355 1271 Α.
382 1229 406 1270 c.
439 1208 539 1290 Wytt.
568 1205 747 1286 amandu),
776 1211 829 1272 ubi
858 1220 890 1273 et
918 1211 1037 1292 priores
1069 1221 1102 1273 et
1129 1213 1321 1293 posteriores
1347 1215 1375 1274 in

312 1299 419 1360 animo
443 1296 727 1380 habuissepotest.
843 1356 852 1368 ,

418 1385 514 1448 Simul
538 1405 609 1447 cuni
643 1387 796 1469 prioribus
828 1388 923 1469 siguis
954 1389 1053 1470 posita
1079 1398 1126 1450 est
1149 1387 1259 1451 leaena
1284 1408 1378 1451 aerea

314 1475 419 1557 lingua
454 1494 561 1538 carens
596 1477 627 1540 in
661 1477 847 1538 memoriam
883 1478 1004 1538 amicae
1038 1475 1115 1538 illius
1148 1475 1311 1540 Harmodii
1347 1487 1379 1539 et

313 1564 536 1644 Aristogitonis
549 1583 631 1645 quae
644 1565 819 1627 celebratur
832 1564 1024 1626 aPlutarclro
1038 1561 1077 1626 de
1090 1565 1203 1644 garrul.
1216 1585 1244 1648 p.
1253 1566 1379 1642 505.E.‚

313 1655 367 1736 qui
404 1652 491 1715 locus
528 1656 687 1735 poeticum
728 1649 856 1734 aliquid,
895 1652 1027 1714 fortasse
1067 1653 1261 1734 epigramma
1301 1650 1390 1716 ine.

314 1733 479 1804 δεικτικὸν
523 1738 667 1804 redolere
711 1739 843 1804 videtur.
912 1741 1007 1802 Cuius
1050 1740 1180 1803 leaenae
1214 1742 1324 1804 artifex
1359 1765 1377 1804 a

314 1827 416 1892 Plinio
450 1843 503 1906 34,
537 1841 577 1905 72
610 1828 740 1893 traditur
772 1830 1002 1913 Anaphicrates.
1049 1827 1193 1892 Narratio
1225 1829 1274 1894 illa
1306 1850 1376 1911 per-

316 1919 419 1982 multis
436 1929 581 1983 veterum
597 1921 785 2003 scriptorum
809 1920 883 1982 locis
899 1920 1057 1982 iuvenitur
1081 1918 1218 1981 collectis
1234 1939 1253 1982 a
1268 1919 1378 1982 lahnio

315 2006 503 2085 (Pausaniae
527 2010 605 2072 arcis
629 2005 794 2091 descriptio
819 2006 865 2070 ed.
896 2021 913 2070 2
940 2006 1097 2070 Michaelis
1120 2029 1149 2089 p.
1174 2003 1219 2086 5).
1266 2005 1378 2091 Neque

315 2107 423 2161 tamen
447 2098 557 2159 iniuria
580 2100 747 2160 ueritatem
779 2099 875 2160 totius
906 2097 1052 2159 historiae
1075 2098 1104 2158 in
1130 2093 1260 2158 dubium
1284 2117 1378 2159 uoca-

315 2188 398 2248 uisse
422 2182 545 2248 videtur
578 2186 616 2249 R.
642 2186 747 2250 iacobi
780 2184 827 2265 (N.
851 2186 953 2268 jahrb.
987 2185 1005 2246 i.
1033 2184 1140 2247 Philol.
1170 2197 1228 2259 107
1265 2181 1375 2269 [1873]

314 2296 343 2358 p.
371 2274 459 2354 366),
483 2293 555 2338 cum
571 2277 709 2358 speciem
733 2275 831 2356 mythi
854 2274 1031 2356 aetiologici
1055 2276 1108 2356 qui
1132 2282 1264 2336 vocetur
1287 2275 1372 2338 nimis

314 2383 386 2426 eam
409 2383 487 2446 prae
510 2385 544 2426 se
567 2365 649 2426 ferre
670 2363 814 2438 ostendit,
840 2384 945 2446 quem,
969 2372 1002 2424 ut
1025 2383 1120 2445 saepe
1136 2363 1200 2437 siat,
1226 2384 1243 2424 e
1267 2370 1371 2424 vetere

314 2452 445 2516 leaenae
464 2463 579 2527 statua,-
601 2455 650 2516 cui
674 2473 748 2516 casu
772 2453 912 2536 quodam
927 2453 1042 2534 ‘lingua
1069 2450 1204 2528 deesset,
1228 2460 1375 2513 exortum

315 2563 385 2604 esse
409 2543 572 2624 probabile
596 2540 747 2606 videatur.

422 2627 600 2712 Myronis
631 2643 733 2694 aetate
751 2629 894 2695 Phidiam
915 2630 1009 2712 paulo
1029 2627 1242 2692 antecedentis
1257 2647 1376 2689 nomen

314 2739 507 2802 ‹prauiquam
542 2720 641 2782 semel
675 2731 796 2783 tantum
829 2720 940 2802 legitur
975 2715 1057 2802 apud
1091 2717 1292 2780 Plutarchum
1321 2712 1375 2793 (ad

316 2810 410 2892 princ.
435 2806 553 2870 inerud.
580 2830 607 2891 p.
633 2811 706 2883 780.
730 2806 792 2890 E),
816 2810 985 2871 tamenab
1010 2828 1050 2870 eo
1076 2809 1153 2869 sicut
1176 2825 1195 2868 a
1218 2805 1329 2865 ceteris
1345 2804 1375 2864 in

316 2897 636 2980 praeclarissimorum
665 2918 799 2960 nrrnrero
829 2899 968 2961 habitum
993 2918 1062 2962 esse
1086 2893 1318 2956 demonstratur
1342 2892 1376 2953 iis

313 3005 398 3068 quae
423 3006 497 3049 eum
520 2996 695 3066 sequuntur
717 2989 907 3049 nominibus:
932 2985 1060 3050 Phidiae
1084 2994 1116 3046 et
1138 2982 1296 3066 Polycleti.

423 3076 473 3138 De
496 3077 592 3158 ipsius
614 3073 771 3138 Phidiae
795 3079 856 3138 rita
880 3076 1062 3139 Plutarchus
1085 3074 1179 3154 louge
1203 3071 1377 3134 uberrimus

316 3163 384 3224 lons
401 3175 448 3228 est
464 3167 493 3226 iu
507 3167 589 3227 vitae
600 3163 724 3227 Periclis
740 3165 970 3248 capitibulel.
983 3161 1193 3226 XHLXXXl.
1217 3160 1378 3242 Loquitur

316 3249 356 3314 de
372 3249 482 3316 Phidia
497 3263 530 3315 ut
546 3265 691 3316 curatore
715 3267 746 3316 et
770 3257 919 3337 magistro
936 3273 1068 3335 operum
1089 3271 1170 3332 quae
1189 3249 1323 3311 Pericles
1345 3249 1377 3308 in

315 3361 389 3404 arce
425 3345 587 3416 exstruxit,
627 3355 662 3406 ut
704 3344 820 3406 artifice
856 3343 1016 3405 lllinervae
1056 3337 1378 3418 chryselephantinae,

316 3430 411 3492 fusius
446 3429 580 3512 denique
615 3430 654 3493 de
689 3433 740 3494 lite
776 3435 803 3495 ei
838 3435 965 3501 intenta,
1001 3445 1064 3509 qua
1094 3427 1194 3506 ipsum
1227 3424 1378 3486 Periclem

316 3519 466 3602 petebant
489 3522 612 3594 inimici,
636 3531 667 3582 et
691 3519 730 3583 de
759 3531 861 3583 morte
888 3537 970 3600 quae
1002 3515 1200 3596 sequebatur.
1246 3512 1379 3594 Utrique

317 3609 361 3670 rei
386 3627 540 3671 summam
563 3607 773 3673 difficultatem
793 3608 891 3671 attulit
912 3603 1034 3666 diversa
1049 3602 1225 3666 Philochori
1241 3603 1378 3666 narratio

316 3694 400 3780 apud
408 3694 832 3780 Schol.Arist.pac.605,ubi
843 3703 971 3779 propter
982 3693 1094 3755 lurtum
1107 3693 1136 3753 in
1147 3691 1378 3774 loveOlympio

318 3784 509 3866 perficiendo
545 3789 585 3850 ab
619 3788 702 3850 Eleis
734 3785 916 3868 supplicium
948 3791 1107 3866 sumptum
1139 3802 1209 3844 esse
1241 3777 1378 3845 traditur.

318 3874 368 3936 De
380 3876 438 3937 hac
450 3878 635 3958 quaestione
655 3886 726 3958 post
743 3873 857 3938 multos
869 3873 946 3936 alios
959 3892 1058 3956 nuper
1075 3872 1137 3953 egit
1153 3869 1338 3934 Loeschcke
1350 3870 1380 3931 in

314 3963 536 4040 „Historische
548 3964 832 4048 Untersuchungen
844 3983 883 4025 zu
894 3961 1016 4026 Arnold
1028 3959 1380 4042 SchaelersJubilttum“,

219 4101 223 4110 .
319 4053 408 4114 Bonn
440 4053 530 4129 1882,
556 4075 584 4135 p,
613 4067 664 4127 25.
690 4073 756 4136 sqq.
812 4053 933 4115 Priores
969 4072 1039 4114 cum
1071 4048 1249 4112 Philochori
1284 4044 1379 4108 sidem

319 4143 532 4224 praelerentes
570 4145 598 4204 in
632 4138 720 4203 Elide
754 4140 892 4208 Phidiam
926 4150 1085 4203 mortuum
1120 4158 1189 4200 esse
1224 4145 1380 4219 putarent,
