3016 4794
756 376 798 441 10

251 573 379 655 ignarus
401 572 432 634 in
455 589 554 652 opere
577 566 823 656 contemplando
846 567 969 634 artificis
991 567 1310 652 seutentiamopiuio·

251 661 345 724 nibus
369 669 402 723 et
424 657 647 744 probabilibus
660 659 846 723 coniecturis
869 657 945 722 velit
964 658 1163 758 investigare.
1199 653 1312 739 Neque

249 750 354 829 enim,
385 750 464 812 sicut
495 743 601 811 dicit
594 767 625 810 ιιι
652 747 830 829 fragmento
863 743 951 831 quod
983 747 1123 811 servavit
1155 746 1312 810 Stobaeus

251 857 345 902 serm.
373 835 457 901 LXl.
480 857 510 920 p.
535 847 610 915 393.
649 833 767 920 (XXV.
791 832 919 920 Wytt.),
954 836 1055 899 visum
1087 834 1139 898 vel
1170 832 1312 899 auditum

249 923 332 1011 apud
358 945 469 989 omnes
491 926 637 988 homines
659 925 792 1010 aequale
814 925 934 988 habere
956 921 1115 998 iudicium,
1138 920 1196 986 sed
1214 920 1312 988 modo

248 1026 361 1080 natura
383 1035 453 1079 esse
475 1014 705 1098 perfectiorem,
738 1011 838 1078 modo
873 1024 941 1078 arte
973 1014 1075 1116 magis
1107 1013 1312 1076 exercitatruu

249 1101 290 1168 ad
313 1099 552 1168 discernendam
574 1099 846 1187 pulchritudinem,
870 1104 949 1166 sicut
971 1104 1003 1166 in
1025 1103 1313 1167 harmoniiscantu-

249 1213 312 1278 que
350 1193 553 1271 musicorum,
591 1193 622 1256 in
661 1192 770 1256 formis
799 1201 836 1256 et
870 1191 978 1276 figuris
1009 1193 1165 1276 pictorum
1192 1210 1311 1254 sensus.

250 1283 357 1364 Quare
380 1278 607 1346 Nicomachum
629 1282 783 1365 pictorem
807 1301 881 1346 eum
904 1283 974 1365 quis
997 1277 1145 1345 Zeuxidis
1158 1279 1313 1344 Helenam

249 1372 306 1436 sibi
328 1389 394 1435 uon
416 1370 579 1456 pulchram
602 1368 701 1434 videri
725 1367 863 1446 dixisset,
887 1368 1099 1456 respondisse:
1138 1370 1277 1445 Sume,
1270 1388 1314 1432 ιιι-

251 1462 327 1544 quit,
352 1479 444 1524 meos
467 1459 587 1536 oculos,
612 1470 646 1523 et
668 1456 728 1523 dea
750 1460 805 1522 tibi
828 1420 994 1523 vi'debitur.
1029 1457 1138 1543 Atque
1160 1457 1315 1522 artificum

251 1546 380 1633 quidem
404 1549 546 1614 oculos
538 1568 570 1611 ιιι
593 1545 841 1632 contemplandis
866 1550 1014 1648 operibus
1037 1548 1172 1612 multis
1164 1567 1195 1611 ιιι
1220 1547 1314 1610 rebus

249 1649 425 1740 praestaro·
433 1639 544 1702 ceteris
548 1634 580 1716 1),
603 1657 699 1700 nemo
722 1637 864 1721 negabit3
888 1637 1030 1737 ineptum
1053 1646 1161 1700 tamen
1184 1647 1232 1700 est
1257 1655 1315 1720 pu·

251 1741 319 1793 tare
342 1727 502 1790 neminem
524 1726 582 1788 nisi
605 1724 757 1788 artificem
786 1721 826 1788 de
853 1726 928 1788 artis
951 1720 1091 1826 quodam
1114 1744 1214 1808 opere
1238 1721 1315 1787 iudi-

249 1835 321 1880 care
354 1833 458 1899 posse,
495 1810 525 1876 id
560 1810 647 1896 quod
679 1813 750 1878 lacit
783 1813 898 1877 Plinius
932 1815 1035 1878 minor
1073 1833 1122 1897 ep.
1159 1812 1181 1876 l.
1212 1828 1260 1876 ιο.
1283 1827 1314 1889 4.

249 1904 517 1968 Exercitationem
568 1899 726 1966 modicam
780 1921 854 1967 cum
906 1900 1082 1967 Aristotele
1139 1901 1309 1986 postulavit
1363 1916 1365 1922 ·

250 1992 444 2066 Plutarchus
458 2001 545 2056 recte
562 1991 754 2076 intellegens,
772 1992 902 2056 stultum
920 2013 1000 2068 esse,
1025 1993 1049 2055 si
1062 1993 1131 2076 quis
1143 1988 1183 2054 de
1195 1989 1316 2094 Apellis

250 2082 301 2147 vel
324 2079 471 2146 Zeuxidis
494 2081 606 2147 tabulis
629 2083 788 2146 neminem
811 2078 949 2146 iudicare
971 2101 1068 2166 posse
1091 2078 1171 2145 dicat
1193 2081 1317 2164 nisiqui

251 2168 407 2236 eodem
400 2171 527 2253 ingenio
566 2180 598 2232 et
628 2179 697 2233 arte
729 2171 768 2233 sit
800 2167 968 2272 praeditus.
1014 2165 1159 2254 (Dionys
1182 2169 1253 2234 Hal.
1277 2165 1317 2231 de

252 2260 353 2324 Thuc.
377 2255 467 2322 iudic.
491 2277 518 2321 c.
542 2257 597 2324 lV
621 2278 650 2342 p.
674 2259 749 2334 817.
774 2258 825 2335 R,
854 2261 908 2342 qui
930 2260 1006 2322 item
1029 2255 1070 2321 de
1092 2259 1152 2323 hac
1174 2279 1208 2322 re
1232 2267 1317 2322 recte

253 2345 382 2428 iudicat3
407 2347 443 2411 cl.
472 2347 654 2422 Bluemner,
678 2347 817 2412 archiol.
841 2344 972 2411 Studien
994 2367 1036 2410 zu
1058 2347 1178 2412 Lucian
1200 2369 1230 2432 p.
1254 2347 1317 2425 97.)

356 2436 507 2502 Ceterum
541 2457 582 2500 ne
614 2455 858 2501 succenseamus
890 2435 990 2500 Plinio
1027 2447 1158 2521 propter
1202 2434 1317 2500 dictum

250 2544 347 2610 supra
368 2525 512 2590 allatum:
544 2537 612 2590 erat
639 2527 723 2590 enirn
746 2537 782 2591 ιιι
803 2526 970 2590 Romanus
1001 2537 1070 2590 arte
1091 2537 1188 2610 atque
1210 2524 1317 2590 intelli-

251 2616 355 2697 gentia
386 2615 519 2680 omuino
551 2614 617 2680 lere
644 2612 800 2700 indigens,
837 2616 890 2699 qui
928 2613 1092 2699 quodlibet
1128 2625 1316 2690 monstrum,

252 2723 388 2786 qnorum
412 2703 591 2768 vallorum
625 2715 658 2768 et
681 2715 837 2771 mercatus
861 2704 988 2769 Romae
1011 2719 1089 2779 erat,
1125 2723 1317 2785 omnemque

251 2811 321 2856 reni
343 2792 473 2859 historia
495 2802 592 2876 atque
615 2803 774 2858 vetustate
798 2794 1012 2858 uenerabilem
1034 2753 1149 2856 eadem
1172 2811 1244 2855 cum
1261 2811 1316 2854 vo-

250 2880 373 2964 luptate
397 2877 520 2946 videret
542 2901 638 2965 quam
667 2882 946 2965 praeclarissimum
979 2882 1055 2944 artis
1078 2899 1167 2963 opus.
1214 2875 1316 2952 Quam

250 2969 400 3074 ipscitiam
411 2971 565 3078 graviter
582 2972 770 3077 impugnat
756 2967 944 3034 Plutarchus
958 2968 998 3032 de
1011 2970 1124 3034 curios.
1131 2989 1173 3072 p.
1192 2979 1267 3044 520
1280 2967 1314 3031 C

251 3049 369 3164 doffrep
390 3045 446 3123 οὖν
460 3053 494 3124 ἐν
505 3049 601 3162 Ρώμ
629 3053 716 3134 τινὲς
731 3052 792 3134 τὰς
799 3051 936 3164 γραφὰς
950 3053 1008 3121 καὶ
1027 3050 1101 3133 τοὺς
1121 3046 1318 3163 ἀνδριάντας

251 3142 309 3211 καὶ
336 3141 373 3234 νὴ
396 3141 467 3212 Δία
489 3140 531 3212 τὰ
555 3143 597 3212 κά
632 3169 656 3256 η
687 3147 753 3212 τῶν
785 3137 891 3211 ὠνίων
921 3142 1056 3212 παίδων
1077 3141 1135 3252 καὶ
1158 3145 1317 3250 γυναικῶν

251 3231 284 3298 ἐν
306 3231 422 3341 μηδενὶ
451 3229 537 3321 λόγῳ
560 3231 739 3317 τιθέμενοι,
763 3230 842 3321 περὶ
865 3229 925 3342 τὴν
946 3236 1013 3300 τῶν
1035 3229 1179 3340 τεράτων
1197 3224 1317 3339 ἀγορὰν

253 3314 525 3432 ἀναστρέφονται,
548 3347 623 3401 τους
645 3319 805 3431 α’κνήμοας
834 3320 892 3390 καὶ
916 3319 990 3401 τοὺς
1011 3317 1236 3408 γαλεάγτωνας
1259 3317 1316 3386 καὶ

250 3433 325 3488 τους
347 3407 598 3563 rpropddlpovg
609 3410 667 3477 καὶ
691 3407 764 3490 τοὺς
780 3408 1084 3500 στρουθοκεφάλους
1100 3406 1318 3492 καταμανθά-

252 3521 358 3577 νοντες
380 3523 420 3564 ιιτ

356 3589 570 3656 Transeamus
581 3587 621 3654 ad
634 3609 682 3666 ea,
695 3609 777 3673 quae
790 3587 830 3653 de
842 3591 997 3656 artificum
1009 3587 1194 3655 condicione
1217 3600 1313 3674 atque

252 3681 472 3746 aestimatione
495 3676 687 3756 iudicaverit,
711 3676 919 3763 explananda.
965 3679 1001 3744 ln
1024 3698 1186 3763 quaeum
1209 3700 1229 3744 a
1253 3679 1318 3742 vul·

252 3781 327 3854 gata
352 3771 449 3834 totius
482 3769 672 3853 antiquitatis
709 3769 867 3852 opinione,
899 3789 962 3853 qua
990 3769 1103 3835 artifex
1135 3769 1177 3832 ab
1206 3768 1317 3853 opifice

362 3943 432 4012 ¹)0f
405 3947 583 4026 ⁰·„Di0g
553 3946 641 4000 Laert
661 3946 720 3999 Vll.
741 3951 783 4002 51
802 3940 884 3999 llio.-
873 3943 967 4014 γοῦν
981 3937 1149 4014 dempserat
1136 3963 1188 3996 οπο
1200 3948 1318 4007 τεχνιτον

251 4012 329 4068 εἰκών
345 4023 387 4068 καὶ
405 3989 487 4071 allas
504 4005 688 4080 απαατέχναιι.
725 4012 778 4070 Cic
797 4016 869 4068 acad.
887 4019 921 4070 11.
937 4025 961 4076 7.
982 4027 1022 4068 20.
1042 4033 1119 4084 quam
1139 4016 1219 4066 multa
1233 4014 1319 4063 vident

252 4088 368 4152 pictores
386 4090 411 4138 in
430 4088 526 4139 umbris
552 4097 576 4138 et
595 4090 620 4138 in
639 4087 788 4167 eminentia.
820 4103 885 4153 quae
910 4103 958 4140 nos
981 4105 1036 4168 uoq
1057 4089 1180 4140 videmus.
1216 4085 1319 4140 Αιιιιιιι

251 4155 384 4225 διατριβαὶ
401 4147 558 4223 Επικτήτου
577 4163 611 4214 ΙΙ.
632 4169 673 4216 24.
698 4177 730 4208 τα
722 4146 774 4208 d
777 4153 843 4209 ἰδεῖν
862 4161 992 4230 ἐμπείρως
1007 4145 1185 4223 (ἀνδριάντα),
1199 4142 1319 4220 οιδεμιᾶε

251 4249 293 4282 σοι
311 4225 490 4299 προσδεῖσθαι
510 4233 630 4298 φαίνεται
648 4233 753 4293 τέχνιςς
772 4225 928 4297 Ilooodeirr
