3016 4794
766 382 805 445 12

247 599 270 662 η
294 594 378 679 φασι
402 566 666 678 τῶνβαρβάρων
692 565 785 648 τινὰς
813 565 912 677 ζῴοις
939 567 978 637 τὸ
1009 563 1150 637 8εῑοι’
1131 575 1314 660 αφομοιοῦν

250 657 336 726 κατὰ
361 655 501 747 σμικρὰς
523 657 580 725 καὶ
604 655 751 737 aetnae
773 650 934 746 ἀφορμάς.

357 749 419 816 Sed
442 749 609 815 redeamus
632 747 672 814 ad
696 749 906 815 Plutarchum.
939 751 1096 815 Omnibus
1113 772 1195 835 quae
1218 773 1313 838 supra

249 839 386 905 diximus
419 837 590 925 respondet
624 840 802 903 notissimus
837 838 888 902 ille
919 839 1007 903 locus
1042 839 1149 904 Pericl.
1180 855 1221 916 2.,
1257 841 1311 905 ubi

250 928 371 994 nullum
395 949 585 1014 generosum
608 926 852 1005 adolescentem,
883 930 1027 1012 quamvis
1058 949 1157 1014 opera
1185 930 1313 995 clarissi-

248 1038 376 1084 morum
399 1017 552 1084 artificum
574 1013 755 1093 admiretur,
784 1019 887 1102 ipsum
917 1016 1014 1081 talem
1036 1017 1102 1082 fieri
1126 1018 1209 1083 velle
1232 1016 1312 1084 dicit

250 1106 361 1192 Neque
385 1109 468 1172 enim
490 1127 622 1171 necesse
651 1126 731 1183 esse,
759 1105 784 1170 'si
812 1125 892 1190 opus
920 1107 1094 1190 perlectum
1118 1109 1162 1172 sit
1185 1117 1217 1172 et
1239 1108 1310 1194 pul

250 1199 373 1273 chrum,
403 1217 476 1260 eum
502 1214 632 1280 quoque
656 1215 708 1280 qur
702 1155 832 1260 'iecerit
857 1192 1063 1261 admiratione
1098 1206 1195 1282 atque
1216 1199 1314 1262 imita-

248 1288 337 1350 tione
349 1307 419 1348 esse
431 1282 570 1370 dignum,
581 1293 773 1350 contracum
787 1285 1016 1369 praestantibus
1028 1287 1149 1350 virtutis
1164 1287 1311 1371 operibus

247 1372 488 1438 admirationem
517 1375 654 1438 auctoris
689 1395 816 1524 semper
851 1395 922 1437 esse
956 1376 1164 1438 coniunctam.
1209 1373 1312 1440 Huius

250 1464 309 1528 loci
344 1472 430 1528 certe
464 1463 523 1527 alia
556 1465 635 1528 ratio
670 1472 717 1527 est
750 1467 846 1546 atque
879 1463 1016 1548 exempli
1050 1465 1148 1548 gratia
1180 1464 1309 1530 Luciani

246 1573 353 1616 εοῐιιιι.1
362 1575 385 1617 c.
400 1567 432 1630 9.
446 1563 476 1616 et
489 1553 631 1616 Senecae
644 1572 692 1635 ep
705 1551 756 1617 88.
772 1555 819 1616 18
831 1559 863 1614 et
874 1572 923 1636 ap
930 1551 1071 1616 Lactant.
1086 1554 1157 1617 last.
1173 1553 1210 1616 ll.
1228 1566 1255 1616 2
1265 1569 1311 1634 14,

250 1644 332 1750 qui
325 1641 476 1706 artificem
500 1660 572 1704 cunr
596 1640 709 1745 opifice
743 1660 881 1746 prorsus
896 1660 956 1703 con
958 1639 1097 1704 l.undunt
1134 1631 1217 1724 (οἷος
1251 1636 1311 1727 γὰρ

247 1754 290 1793 ειν
312 1718 357 1816 ᾖς
381 1725 543 1812 βάναυσος
565 1723 621 1791 καὶ
646 1728 805 1812 χειρῶναξ
825 1723 881 1791 καὶ
906 1718 1311 1813 ἆιιοχειροβίωιοςνομισ-

249 1754 339 1904 θήσῃ
366 1819 457 1899 Luc,
484 1817 520 1880 cl.
552 1817 775 1901 Bluenmerp.
804 1815 871 1900 88.)
922 1815 1108 1882 Plutarchus
1137 1839 1214 1882 vero
1243 1820 1311 1884 sola

249 1907 448 1992 philosophia
471 1903 602 1982 ducitur,
627 1907 676 1970 bic
699 1915 734 1969 ut
755 1925 881 1990 semper
903 1907 970 1970 lere
993 1905 1032 1972 ad
1056 1927 1162 1972 mores
1186 1909 1309 1972 confor-

250 1995 384 2062 mandos
407 1997 585 2081 respiciens,
638 1996 744 2076 Quare
772 2007 857 2059 recte
881 1997 1062 2061 observavit
1086 1995 1311 2062 Friedlaender

247 2082 468 2170 (Sittengesch.
498 2081 566 2148 lll.5
592 2105 622 2169 p.
653 2082 740 2165 265.)
774 2096 883 2150 contra
914 2085 1203 2150 HermannumS
1169 2083 1312 2171 (Studien

250 2173 306 2240 der
329 2177 442 2258 griech.
471 2173 620 2238 Kilnstler
647 2194 677 2258 p.
702 2175 732 2253 ὁ,
756 2173 808 2252 8.),
834 2181 956 2236 tantum
978 2177 1101 2251 abesse,
1127 2185 1161 2238 ut
1184 2196 1225 2239 ex
1249 2177 1311 2240 hoc

249 2264 321 2327 loco
356 2264 420 2327 ullo
452 2260 549 2326 modo
585 2261 664 2324 effici
697 2264 804 2346 possit,
844 2265 1071 2347 contempsisse
1108 2264 1309 2328 Plutarchum

249 2350 389 2416 Phidiam
413 2362 445 2416 et
461 2350 656 2436 Polycletum
679 2352 768 2434 quasi
791 2350 919 2435 opifices
943 2350 1106 2415 illiberales
1129 2373 1166 2416 ac
1188 2348 1310 2432 βαναύ-

247 2460 332 2520 σοις,
356 2451 390 2504 ut
413 2461 558 2504 summos
577 2450 689 2524 poetas
713 2442 800 2504 iuxta
822 2461 879 2504 eos
902 2441 1122 2505 aestimaverit.
1164 2441 1310 2527 Cumque

248 2533 365 2644 poesin
383 2531 470 2614 quasi
494 2526 608 2593 ducem
641 2526 681 2592 ad
705 2530 969 2615 philosophiam
962 2551 992 2593 m
1017 2528 1131 2595 deliciis
1155 2533 1309 2608 habuerit,

248 2621 421 2704 —scripta
444 2617 570 2722 quidem
594 2615 755 2683 abundant
778 2621 894 2702 ubique
917 2621 1014 2683 citatis
1037 2631 1204 2705 poetarum
1227 2621 1311 2704 frag-

248 2710 361 2772 mentis
384 2742 427 2752 -
450 2711 511 2772 iam
535 2729 576 2771 ex
600 2706 757 2773 hocloco
781 2710 854 2772 satis
881 2718 1021 2793 apparet,
1053 2712 1194 2794 picturae
1222 2711 1308 2773 artis-

245 2815 310 2881 que
333 2799 497 2862 statuariae
520 2817 620 2882 opera
643 2816 717 2859 eum
739 2818 805 2861 non
828 2798 930 2861 minus
953 2819 1023 2860 esse
1047 2797 1258 2881 complexum.

267 2921 271 2928 ·
353 2887 511 2950 Discernit
534 2887 625 2970 igitur
648 2887 729 2950 inter
748 2905 847 2971 opera
870 2895 902 2949 et
925 2905 982 2950 eos
1005 2889 1057 2970 qui
1081 2887 1202 2950 faciunt.
1220 2886 1309 2950 Haec

248 2997 313 3040 non
337 2977 439 3040 minus
466 2973 636 3039 admiratur
663 2995 761 3058 quam
789 2976 922 3039 musices
951 2977 1092 3060 poetices
1115 2975 1310 3060 aliarumque

245 3067 360 3128 artium
390 3085 496 3150 opera,
531 3065 617 3150 ipsos
652 3083 729 3128 vero
762 3065 934 3148 sculptores
969 3074 998 3128 el
1027 3066 1163 3149 pictores
1198 3065 1310 3130 ceteris

245 3154 417 3218 artificibus
450 3156 552 3238 iisque
590 3155 644 3238 qui
676 3153 782 3216 litteris
810 3173 944 3237 operam
966 3151 1092 3234 dabant,
1126 3189 1168 3200 -
1204 3173 1310 3236 neque

246 3245 331 3306 enim
355 3244 475 3308 litterae
497 3254 644 3327 artesque
668 3252 814 3306 accurate
837 3251 927 3306 erant
950 3249 1114 3328 separatae
1142 3279 1184 3288 —
1213 3242 1309 3326 paulo

245 3332 392 3396 inferiore
415 3333 486 3396 loco
510 3334 623 3418 posuit.
670 3331 776 3396 Praec
800 3351 864 3416 ger.
892 3333 967 3417 reip
992 3353 1021 3417 p.
1045 3334 1118 3398 802.
1146 3331 1185 3394 A.
1208 3344 1309 3397 artem

244 3423 418 3484 oratoriam
442 3421 581 3485 celebrat
587 3422 879 3527 contemptimque
908 3421 1045 3526 loquitur
1071 3419 1112 3484 de
1136 3421 1310 3486 Alcamene

246 3507 375 3574 Nesio'te
408 3509 507 3573 Ictino
539 3505 594 3572 aui
625 3509 711 3573 πᾶσι
741 3511 812 3584 τοῖς
837 3504 1013 3591 βαναύσοις
1039 3505 1095 3573 καὶ
1129 3504 1309 3595 χειρώναξι,

244 3601 300 3683 qui
324 3599 524 3683 eloquentiae
547 3601 607 3662 sint
630 3600 761 3683 imperiti
789 3617 895 3682 neque
922 3595 1054 3663 adrem
1077 3600 1235 3683 publicam
1259 3618 1310 3663 ac·

245 3686 361 3753 cedere
367 3691 507 3794 possint,
522 3707 617 3752 manu
618 3709 759 3796 semper
776 3688 959 3771 vulgarique
976 3690 1105 3754 materia
1121 3689 1310 3753 laborantes.

246 3771 317 3864 (τὴν
338 3770 399 3862 γὰρ
424 3768 576 3864 Εργάνηι
599 3797 685 3840 οιτοι
714 3771 812 3858 μόνον
839 3769 1069 3860 θεραπεύουσι,
1103 3778 1139 3842 cl.
1174 3775 1215 3840 de
1238 3778 1307 3842 fort.

246 3887 281 3950 p.-
300 3879 352 3944 99.
379 3865 435 3950 A)
480 3868 588 3949 Quare
610 3886 675 3931 non
708 3875 754 3930 est
787 3885 843 3929 cur
869 3867 1030 3942 miremur,
1063 3864 1150 3950 quod
1178 3867 1309 3930 lctinum

248 3970 376 4038 quoque
399 3957 626 4020 architectum
619 3976 649 4019 in
673 3954 724 4019 illo
736 3973 871 4020 numero
888 3956 1091 4031 inveniamus,
1116 3975 1309 4040 quamquam

243 4045 433 4108 architectos
457 4047 654 4130 superiorem
679 4044 784 4108 locum
807 4045 947 4109 tenuisse
970 4054 1101 4108 constat.
1125 4043 1228 4125 (Plato
1241 4042 1309 4106 Pol

246 4152 275 4216 p.
301 4133 386 4211 259.)
431 4133 622 4198 Litterarum
651 4134 734 4198 enim
768 4129 879 4210 studia,
914 4153 997 4217 quae
1024 4133 1093 4198 sola
1119 4141 1226 4198 mente
1253 4150 1309 4194 ex·

244 4229 422 4297 arceantur,
445 4220 655 4307 praeferenda
677 4219 925 4416 celelQ
949 4223 979 4286 Si
995 4219 1098 4288 Nicias
1114 4223 1214 4306 pictor
1230 4222 1310 4284 inter
