3016 4794
678 359 741 442 aa

172 573 212 655 τῆ
233 565 359 656 ‘Yyrer‘q
381 568 385 651 l
404 563 532 654 Πῦῤῥος
555 563 713 654 ἐποίησεν
725 559 912 654 Ἀθηναῖος.
939 569 1049 654 (Corp.
1069 571 1147 634 Insc.
1171 569 1237 633 Att.

173 660 197 721 I.
228 662 315 738 335.)
351 661 386 722 cl'.
420 657 500 722 Plin.
534 673 587 734 34.
622 657 673 720 80.
730 655 870 742 Pyrrhus
905 656 1001 740 (lecit)
1036 660 1175 741 Hygiam
1208 668 1239 722 et

173 749 360 812 Minervam.
385 748 428 827 (et
447 746 504 810 del.
529 748 614 810 Ross
639 749 721 810 arch.
748 747 838 810 Auis.
863 747 886 810 l.
915 743 999 830 190.)

280 839 425 919 Sequitur
448 835 686 920 Polycletus,
701 833 831 900 Phidiae
854 845 920 900 arte
945 839 1107 919 proximus
1130 833 1234 900 simul·

173 947 237 1010 que
265 945 335 988 cum
365 945 405 986 eo
436 928 617 988 neritinatus
641 923 712 988 Per.
745 939 786 1000 2.,
817 945 889 988 cum
914 921 1026 990 Phidia
1049 936 1080 988 et
1106 923 1239 1010 Myrone

173 1013 213 1078 ad
236 1017 331 1098 princ.
355 1011 474 1078 inerud.
499 1037 529 1099 p.
556 1014 631 1090 780.
649 1015 698 1089 E,
715 1015 768 1096 qui
783 1016 909 1098 saepius
925 1015 1057 1078 fortasse
1073 1012 1239 1083 traditione

172 1123 268 1186 quam
292 1105 421 1186 proprio
446 1107 636 1186 scriptorum
659 1100 772 1166 iudicio
796 1105 871 1168 artis
895 1106 1062 1167 statuariae
1084 1105 1240 1187 principes

173 1203 205 1255 11
233 1194 322 1274 quasi
349 1192 457 1253 vicarii
487 1192 592 1253 multis
624 1190 699 1252 locis
726 1193 934 1256 inveniuntur.
983 1192 1119 1273 (Overb.
1144 1193 1173 1256 S.
1198 1193 1238 1273 Q.

173 1281 252 1344 ooo.
281 1279 357 1342 blo.
380 1291 456 1356 931.
482 1279 534 1353 al)
581 1279 622 1342 Et
652 1281 729 1341 sicut
717 1277 891 1345 tPhidiae
924 1281 1041 1366 Iupiter
1065 1281 1238 1364 Olympius,

177 1377 219 1431 a
177 1365 381 1450 Polycleti
399 1367 480 1430 luno
497 1366 1238 1454 1111111111111111111111111110111111111111111111Ρ11.2Ι

282 1456 428 1520 Alterum
452 1455 575 1519 artificis
591 1475 681 1540 opuS,
706 1455 792 1540 quod
810 1458 921 1520 Cicero
939 1455 1065 1540 quidem
1080 1479 1241 1524 summum

173 1553 263 1628 putat
287 1555 375 1623 (orat.
400 1544 438 1607 ll.
462 1542 507 1625 5.)
531 1555 598 1628 erat
621 1545 732 1607 nobilis
757 1546 806 1608 ille
830 1544 1031 1630 doryphorus
1055 1549 1105 1609 vel
1128 1567 1239 1610 canon.

174 1632 345 1697 Praeclara
382 1635 462 1696 haec
504 1643 604 1696 statua
643 1653 740 1717 saepe
783 1635 907 1698 artificis
950 1638 1078 1699 nomine
1122 1637 1240 1698 omisso

175 1733 382 1797 memoratur,
418 1723 497 1784 sicut
525 1722 639 1805 lupiter
669 1722 842 1808 Olympius,
879 1744 975 1807 quem
1000 1723 1127 1788 Phidiae
1160 1745 1240 1808 opus

68 1871 72 1888 ,
172 1831 242 1874 esse
275 1831 371 1873 nemo
401 1811 570 1874 nesciebat.
628 1807 707 1893 (Cic.
743 1811 761 1875 l.
798 1833 823 1876 c
850 1813 975 1894 Quintil.
1013 1814 1051 1876 V.
1090 1826 1138 1876 12
1175 1818 1239 1891 21)

173 1901 284 1980 Quare
308 1897 442 1962 dubitari
477 1920 540 1962 non
564 1910 678 1983 potest,
703 1902 777 2002 quin
802 1899 841 1964 ad
866 1900 1017 1984 Polycleti
1039 1921 1120 2010 opus
1144 1905 1236 1985 perti-

179 2001 252 2051 neat
275 1989 368 2095 lpcus
381 1977 538 2052 Plutarchi
554 2008 683 2094 praec.
676 1991 749 2076 reip.
769 2011 834 2072 ger.
850 2011 879 2074 p.
896 1991 971 2054 820.
989 1986 1064 2050 B.'
1049 1992 1238 2052 emecachor

179 2070 240 2180 γὰρ
265 2067 319 2156 οἰχ
343 2096 477 2162 uqyesor
479 2099 520 2157 εν,
544 2067 683 2162 11111111
711 2077 746 2140 oi)
764 2074 887 2182 γέγονεν
911 2071 928 2140 ὃ
953 2072 1156 2164 σαλπιγκτὴς
1182 2075 1240 2140 καὶ

180 2157 197 2227 ὃ
223 2136 405 2251 doprrpdpoc
454 2167 550 2230 Cuius
566 2169 603 2230 sit
620 2167 669 2230 ille
694 2161 897 2268 ᾳαλπιγκτὴς
920 2165 1049 2230 dubium
1069 2178 1125 2242 est,
1149 2179 1241 2250 putes

179 2254 345 2338 Epigoni
338 2267 382 2318 m
370 2255 475 2320 ellec
462 2267 529 2320 um
554 2277 633 2330 esse,
658 2259 718 2339 qui,
740 2266 774 2318 ut
795 2259 836 2319 ait
824 2257 967 2319 Plrmus
984 2271 1037 2334 34
1063 2255 1113 2320 88.
1132 2257 1239 2320 omnia

174 2345 239 2406 1111
263 2343 423 2428 praedicta
447 2335 583 2409 imitatus
603 2348 773 2429 praecessit
789 2347 819 2409 in
836 2347 972 2410 tubicine
988 2357 1019 2409 11
1038 2348 1129 2410 matri
1145 2349 1237 2409 inter·

174 2433 273 2496 lectae
308 2434 424 2498 infante
459 2435 672 2498 miserabiliter
707 2432 894 2498 blandiente.
941 2436 1003 2514 Qui
1036 2436 1145 2497 artifex
1178 2453 1240 2516 qua

176 2521 268 2584 1111111
291 2533 406 2598 aetate,
430 2543 449 2586 e
473 2523 627 2586 Plutarchi
661 2525 740 2601 loco,
773 2522 802 2584 id
838 2520 924 2606 quod
957 2543 1087 2585 censere
1116 2519 1240 2584 videtur

178 2609 348 2674 Ouerbeck
370 2613 398 2676 S.
423 2613 460 2692 Q.
490 2625 595 2689 2095,
633 2614 685 2674 vix
709 2613 824 2694 poterit
848 2613 1007 2693 cognosci,
1032 2613 1109 2673 mira
1134 2622 1239 2674 tamen

176 2709 222 2762 est
236 2701 356 2764 infantis
373 2701 449 2764 illius
465 2703 634 2784 matrisque
652 2697 818 2764 similitudo
832 2721 903 2763 cum
914 2697 1057 2764 Aristidis
1073 2699 1191 2779 tabula,
1210 2703 1240 2764 in

173 2808 236 2871 qua
259 2810 346 2872 opprc
327 2787 375 2852 'clo
398 2800 490 2874 capto
506 2788 546 2854 ad
563 2792 669 2854 matris
686 2791 845 2854 morientis
862 2809 902 2852 ex
919 2789 1051 2854 vulnere
1067 2809 1240 2854 mammam

174 2875 328 2962 adrepens
360 2879 458 2942 infans
490 2882 590 2964 pictus
622 2889 690 2942 erat
714 2879 805 2952 (Plin
829 2893 882 2957 35,
907 2881 972 2957 98.)
1019 2881 1082 2943 Vix
1111 2879 1240 2942 dubium

62 3049 65 3056 Ι
177 2963 305 3047 videtur,
332 2969 406 3051 quin
440 2979 471 3031 et
506 2971 671 3034 statuarius
701 2979 732 3032 et
764 2971 864 3053 pictor
899 2967 1033 3031 eandem
1069 2987 1137 3030 rem
1171 2976 1239 3029 arte

176 3059 379 3120 tractaverint.
358 3059 529 3120 tDeinde
553 3061 577 3121 si
601 3059 784 3159 cogit,amus
805 3053 1016 3156 Aristidem),
1041 3058 1093 3138 qui
1119 3055 1238 3138 Apellis

174 3144 312 3226 aequalis
335 3156 412 3221 erat,
437 3148 579 3210 omnium
604 3149 740 3230 primum
770 3147 907 3208 animum
928 3147 1113 3226 pinxisseet
1129 3164 1239 3207 sensus

172 3233 336 3298 hominum
360 3237 554 3319 expressisse
576 3237 715 3318 itemque
736 3235 990 3318 perturbationes
1012 3229 1102 3313 (Plin.
1122 3233 1138 3294 l.
1159 3253 1185 3294 c.
1203 3234 1239 3295 cf.

171 3321 280 3385 Brunn
305 3324 344 3386 K.
367 3326 403 3386 G.
429 3324 464 3386 ll.
495 3338 563 3401 174.
587 3321 680 3407 sqq),
705 3321 833 3386 easdem
859 3343 937 3384 vero
961 3322 1060 3384 multo
1084 3324 1240 3405 posterius

171 3411 203 3472 iu
238 3424 338 3476 artem
371 3415 556 3478 statuariam
591 3415 752 3488 invasisse,
784 3413 965 3497 Epigonum
999 3432 1065 3475 non
1099 3411 1196 3476 modo
1222 3435 1240 3474 e

170 3501 232 3583 pict
234 3503 298 3564 oris
322 3513 390 3564 arte
358 3504 565 3577 thausisse,
590 3500 645 3566 sed
671 3505 775 3578 etiam
789 3503 887 3566 multo
914 3505 1021 3582 serius,
1048 3503 1149 3566 altero
1173 3503 1240 3564 sere

167 3591 417 3654 anteChristum
441 3593 559 3668 seculo,
584 3594 698 3656 vixisse
721 3593 916 3677 intellegitur.
972 3593 1066 3656 Certe
1090 3594 1191 3674 igitur,
1215 3592 1240 3651 si

167 3677 220 3740 ille
245 3674 452 3767 σαλπιγ11ὴς
474 3643 559 3766 apud
583 3683 784 3746 Plutarchum
808 3695 854 3746 est
871 3683 1015 3766 Epigoni,
1040 3681 1136 3760 longo
1162 3689 1240 3740 tem

167 3769 258 3851 poris
287 3781 357 3870 spat
360 3773 390 3832 io
419 3791 438 3833 a
461 3770 622 3854 Polycleto
647 3771 787 3836 distabat
837 3774 987 3851 Ouaeut
1010 3765 1104 3830 video
1129 3765 1239 3828 confir-

169 3869 298 3920 mantur
323 3860 522 3943 inscriptione
546 3880 647 3942 nuper
671 3861 814 3942 Pergami
838 3871 975 3942 reperta,
1000 3858 1024 3918 si
1048 3853 1215 3939 quideme
1220 3853 1240 3918 11

168 3999 387 4008 -ω--ύ-

283 4085 307 4152 1)
322 4087 384 4138 Duo
398 4087 472 4138 huius
483 4087 594 4137 nominis
605 4095 676 4138 crant
691 4087 799 4138 artifices
812 4087 941 4152 sexaginta
954 4089 1007 4138 fere
1019 4105 1098 4138 annos
1110 4090 1240 4154 distantes⁷

170 4172 285 4222 quorum
306 4161 470 4225 praeclarior,
496 4162 539 4224 qui
559 4168 672 4210 nostram
693 4175 798 4226 quoque
818 4161 932 4210 tabulam
946 4160 1033 4226 pinxit,
1055 4167 1139 4211 aetate
1159 4161 1241 4210 minor

170 4236 220 4283 est.
261 4231 292 4286 cf,
308 4228 413 4282 Urlichs
433 4231 465 4282 N.
485 4232 577 4286 Rhein.
599 4233 665 4288 illus,
685 4233 770 4287 XXV.
790 4239 850 4291 509,
870 4248 925 4296 sqq.
