3016 4794
701 363 739 427 11

188 557 315 645 paulum
373 554 609 622 discernebatur
664 574 855 639 semperque
911 553 964 616 vel
1004 553 1258 656 praeclarissimis

190 645 384 712 adhaerebat
407 642 481 709 illud
505 638 675 726 βάιατσον,
709 640 887 708 discessisse
919 643 972 706 vix
1005 643 1171 726 quisquam
1199 663 1256 708 ex·

189 737 333 821 pectabit.
379 735 503 800 Duae
496 734 647 818 imprimis
670 752 720 798 res
744 742 844 810 erant,
870 733 984 816 quibus
1006 729 1191 796 Plutarchus
1214 729 1255 798 ad

147 855 148 860 ¹
190 826 318 890 minoris
358 819 572 892 aestimandos
617 821 751 887 artifices
798 822 1073 886 commovebatur
1117 821 1256 923 primum

190 915 396 999 philosophia,
421 909 460 977 ad
484 931 580 996 quam
604 923 711 976 cetera
733 912 842 976 omnia
863 911 1044 985 revocabat,
1067 920 1138 974 tum
1160 911 1256 976 nimia

189 1005 360 1068 litterarum
384 1011 415 1066 et
438 1001 609 1065 rhetorices
632 1020 714 1084 quae
737 999 786 1063 illa
803 1009 908 1066 aetate
925 1000 1050 1084 vigebat
1066 1000 1256 1067 aestimatio.

190 1093 241 1158 De
264 1093 378 1177 quibus
402 1088 549 1174 deinceps
570 1109 740 1174 agamus.

295 1181 346 1246 Ex
369 1189 438 1245 tota
459 1179 511 1243 illa
534 1176 686 1255 doctrina,
711 1197 795 1262 quae
819 1177 970 1242 artiuml
956 1173 1232 1242 l'undamentum
1224 1198 1256 1241 1n

189 1272 362 1335 imitatione
374 1269 488 1355 posuit,
499 1268 679 1332 necessario
691 1267 894 1351 sequebatur,
911 1266 1115 1330 imitationem
1130 1286 1258 1350 semper

191 1360 347 1443 aliquam
371 1379 406 1422 re
429 1358 570 1442 superari
595 1355 746 1440 exemplo
773 1376 833 1420 nec
861 1375 998 1439 unquam
1022 1374 1151 1455 prorsus
1174 1356 1257 1420 veri-

190 1460 289 1512 tatem
316 1448 468 1532 attingere
499 1466 605 1531 posse,
640 1441 744 1529 quod
759 1445 928 1529 praecipue
963 1441 1051 1508 def
1036 1445 1125 1510 factis
1159 1453 1258 1528 atque

190 1537 367 1600 actionibus
390 1546 457 1600 erat
480 1532 658 1599 dicendum.
712 1535 821 1635 Quare
844 1533 1028 1598 Plutarchus
1060 1553 1123 1597 non
1152 1532 1257 1602 sotum

190 1627 337 1711 pictores,
360 1623 417 1689 sed
442 1626 535 1688 etiam
559 1643 667 1689 rerum
695 1624 872 1708 scriptores,
901 1641 982 1706 quos
1013 1621 1179 1688 Platonem
1207 1643 1257 1686 se·

191 1727 284 1780 cutus
321 1712 379 1778 illis
421 1715 559 1780 maxime
596 1709 791 1814 respondere
829 1719 904 1776 cont
891 1708 1006 1786 tendit,
1051 1730 1259 1795 summosque

190 1816 302 1889 poetas
329 1804 465 1888 tragicos
493 1800 625 1866 ducibus
655 1811 686 1866 et
719 1801 754 1864 iis
782 1801 834 1884 qui
863 1797 905 1864 ad
933 1820 1002 1864 rem
1024 1800 1179 1884 publicam
1202 1821 1258 1886 ge

192 1891 323 1958 rendam
347 1914 382 1955 se
406 1890 607 1955 contulerunt
635 1890 729 1999 longe
753 1890 941 1992 postposuit,
968 1886 1009 1952 de
1033 1889 1111 1994 glor.
1134 1888 1255 1954 Athen.

191 2003 222 2065 p.
244 1981 318 2058 346.
348 1979 384 2042 F.
410 1967 479 2040 ἀλλ’
504 1967 560 2041 οὐκ
583 2001 623 2040 αν
646 1968 740 2058 οἶμαι
764 1970 822 2084 τὴν
845 1971 1017 2082 ζωγράφου
1039 1971 1149 2061 κρίσιν
1171 1999 1257 2061 προ·

193 2062 308 2174 θείητε
335 2058 420 2171 πρὸς
443 2059 500 2172 cdv
523 2061 709 2152 στρατηγόν,
745 2055 818 2130 οἶδὲ
842 2045 1024 2145 ονάσχοιθε
1047 2065 1113 2130 τῶν
1136 2087 1257 2149 προτι-

192 2151 331 2260 μώντων
353 2149 410 2219 τὸν
437 2148 565 2218 πίνακα
600 2154 656 2218 τοῦ
685 2149 848 2239 τροπαίου
881 2148 939 2218 καὶ
970 2146 1008 2218 τὸ
1034 2147 1167 2241 μίμημα
1198 2153 1259 2240 τῆς

192 2234 364 2331 ἀληθείας·
387 2240 458 2307 ibid.
485 2256 603 2346 9347
627 2245 750 2322 8348
769 2244 802 2308 C.
821 2243 1054 2309 clVolkmann
1077 2243 1113 2308 ll
1136 2243 1257 2328 p..336

192 2334 274 2398 Rem
298 2333 455 2434 publicam
484 2333 566 2396 enim
595 2330 872 2399 administrandam
901 2343 1026 2398 veteres
1050 2334 1119 2398 viro
1142 2329 1256 2418 dignis

192 2425 307 2488 simum
331 2423 491 2507 putavisse
514 2431 627 2486 notum
651 2433 712 2488 est:
736 2423 825 2486 cuius
848 2423 987 2487 muneris
1009 2422 1258 2506 praeclarissima
1344 2473 1346 2478 ,

194 2513 341 2593 magistra
367 2521 415 2575 est
441 2509 651 2596 philosophia,
686 2531 770 2594 quae
803 2508 845 2576 ad
872 2512 954 2576 bene
983 2512 1183 2594 honesteque
1212 2512 1257 2574 vi·

194 2597 330 2665 vendum
352 2599 477 2665 animos
499 2601 636 2664 instituit.
691 2597 797 2674 Quare
821 2602 960 2685 queritur
987 2597 1027 2664 de
1049 2599 1176 2664 stultitia
1198 2600 1257 2664 ho-

193 2691 321 2769 minum,
347 2690 401 2774 qui
424 2688 591 2753 artificibus
617 2709 692 2753 aere
723 2687 830 2774 lapide
857 2710 929 2756 cera
961 2685 1040 2754 deos
1067 2688 1259 2774 fingentibus

192 2776 320 2843 credant
344 2796 522 2862 eorumque
545 2779 634 2879 signa
656 2775 800 2856 adorent,
824 2779 1031 2864 philosophos
1054 2798 1134 2844 vero
1157 2780 1257 2844 viros-

192 2887 254 2950 que
276 2869 321 2932 rei
344 2866 489 2969 publicae
512 2868 630 2951 peritos
650 2864 819 2952 despiciant
842 2870 932 2934 unice
955 2865 1088 2933 deorum
1112 2869 1255 2933 maiesta-

191 2966 257 3020 tem
279 2967 311 3020 et
334 2957 464 3020 virtutes
487 2965 573 3020 recte
598 2954 758 3021 docentes.
794 2955 846 3037 (de
868 2959 1024 3042 superstit.
1048 2978 1079 3059 p.
1109 2957 1178 3032 167.
1204 2957 1259 3034 E.)

194 3041 392 3118 Quinetiam
416 3042 585 3110 deorum'
578 3047 730 3129 imagines
757 3046 868 3110 melius
896 3047 1029 3131 spectari
1058 3048 1089 3110 in
1117 3047 1258 3110 animan·

193 3135 284 3214 tibus,
312 3135 389 3198 sicut
416 3133 566 3218 Aegyptii
593 3134 713 3211 faciant,
742 3154 837 3219 quam
871 3136 903 3200 in
937 3135 1038 3200 aereis
1070 3144 1102 3200 et
1128 3131 1259 3219 lapideis

192 3224 351 3308 operibus,
375 3242 458 3308 quae
481 3219 588 3286 itidem
610 3224 744 3287 interitui
760 3233 792 3288 et
809 3225 974 3289 mutationi
997 3224 1138 3288 obnoxia
1161 3243 1258 3288 sensu

191 3323 356 3396 praeterea
379 3313 466 3376 omni
489 3321 521 3374 et
544 3310 702 3376 intellectu
725 3323 837 3378 natura
859 3314 983 3396 privata
1004 3314 1074 3376 sint.
1128 3312 1260 3394 Quanto

191 3403 402 3486 praestantius
429 3399 619 3485 Apollonius
653 3399 738 3487 apud
765 3400 908 3467 Philostr.
946 3403 998 3466 vit.
1028 3402 1091 3487 Ap.
1129 3401 1183 3466 Vl.
1218 3416 1260 3482 19

191 3491 244 3554 ubi
273 3510 346 3554 cum
374 3490 552 3575 Thespesio
580 3490 741 3576 Aegyptio
777 3491 964 3576 colloquitur
998 3489 1037 3556 de
1067 3491 1194 3556 Graecis
1227 3503 1259 3556 et

191 3579 366 3665 Aegyptiis,
389 3580 449 3643 utri
472 3579 583 3644 melius
606 3577 686 3645 deos
708 3580 863 3646 finxerint.
896 3581 1005 3665 Atque
1024 3581 1259 3665 Aegyptiorum

191 3666 318 3752 quidem
331 3687 457 3732 morem
470 3665 548 3734 deos
570 3671 742 3734 bestiarum
752 3670 855 3734 forma
865 3668 1019 3734 adorandi
1031 3671 1074 3734 ait
1087 3670 1259 3734 barbarum

192 3759 356 3843 magisque
379 3758 555 3822 irrisionem
579 3778 676 3844 quam
693 3760 931 3824 uenerationem
955 3778 1036 3833 esse,
1061 3757 1259 3824 Graecorum

190 3867 270 3911 vero
299 3866 442 3910 summos
469 3844 637 3910 artifices'
630 3868 715 3932 ipsos
743 3845 821 3912 deos
850 3857 957 3911 mente
985 3846 1075 3930 quasi
1098 3855 1259 3930 spectasse

189 3937 394 4020 speciemque
418 3931 543 4000 diuinae
576 3933 811 4019 pulchritudinis
845 3939 888 4002 ita
921 3935 1080 4000 effinxisse
1108 3933 1187 4014 dicit,
1222 3948 1258 4000 ut

190 4027 332 4089 sensibus
308 4024 461 4129 percipi
473 4033 592 4128 posset.
603 4023 650 4088 Cf.
664 4045 794 4130 quoque
805 4025 944 4090 Dionem
958 4024 1119 4128 Clrrysost
1127 3983 1196 4088 Xll.
1202 4037 1257 4104 59.

189 4107 244 4176 ἐπ’
281 4103 360 4178 adro
393 4105 645 4218 καταφεύγομεν,
680 4103 896 4219 ἀνθρώπινον
919 4113 1016 4195 σῶμα
1052 4103 1097 4189 ὡς
1129 4103 1260 4197 ἀγγεῖον

189 4197 377 4290 φρονήσεως
399 4196 455 4265 καὶ
479 4195 574 4285 λόγου
601 4202 674 4289 θεῷ
702 4196 952 4287 προσάπτοντες
976 4249 1087 4266 ......
1111 4204 1262 4287 ’κρεῖττον
