3016 4794
701 393 742 455 35

184 580 336 657 didicisse,
372 591 407 644 ut
438 581 526 646 facile
561 591 592 644 et
624 581 766 644 celeriter
789 582 919 664 pingere
942 589 1058 664 posset.
1105 580 1251 664 Cumque

186 673 260 734 Ant'
239 681 316 753 ttrpa
318 692 353 733 er
375 671 463 734 annis
491 682 709 748 32.3-3ι9ιι
726 669 798 733 Chr.
827 679 901 753 post
917 666 1090 734 Alexandri
1113 680 1249 734 mortem

161 789 163 793 ·
185 758 416 824 Macedoniae'
409 763 572 844 imperium
589 757 827 833 administraret,
839 756 1066 822 Nicomachum
1086 769 1152 822 tum
1173 777 1249 822 eum

184 847 297 912 adiisse
321 846 475 912 concludit
499 849 682 924 Buecheler,
711 850 752 911 ita
783 856 817 910 nt
847 843 1055 931 quadraginta
1083 847 1138 910 illis
1161 849 1249 916 annis

185 940 216 1000 ιιι
257 937 407 1001 calculum
439 935 582 1001 adhibitis
616 939 674 1000 arti
707 957 838 1019 operam
874 933 950 999 dare
986 938 1127 1020 coeperit
1161 938 1249 1000 annis

184 1027 367 1104 363-359.
414 1027 497 1091 Cont
484 1036 532 1090 tra
549 1046 588 1090 ea
604 1035 689 1089 recte
707 1023 843 1109 disputat
831 1021 986 1088 tKroker
1002 1025 1249 1109 (Gleichnamige

68 1119 71 1125 '
183 1116 375 1198 griechische
409 1115 568 1179 Kiinstler.
626 1115 707 1177 Diss¹
744 1114 830 1197 Lips.
873 1114 965 1191 1883.
1002 1134 1032 1198 p.
1069 1111 1135 1196 29.)
1178 1133 1250 1178 cum

182 1213 312 1288 propter
344 1213 483 1266 aetatem
508 1200 651 1265 Aristidis
674 1202 725 1266 filii
754 1200 936 1267 Nicomachi
968 1202 1050 1266 male
1085 1221 1157 1266 cum
1189 1204 1250 1266 hoc

183 1293 305 1355 calculo
325 1293 577 1354 consentientem
601 1300 668 1353 tum
691 1288 776 1373 quod
793 1293 889 1356 totius
904 1292 1154 1356 narratiunculae
1171 1289 1250 1354 fides

183 1379 276 1442 valde
301 1377 396 1444 dubia
418 1377 572 1443 videatur.

290 1469 517 1552 Euphranor
540 1467 629 1530 simul
646 1488 718 1530 cunr
741 1465 934 1530 Nicomacho
958 1470 1053 1552 patris
1075 1468 1152 1531 illius
1179 1466 1250 1532 Ari-

184 1553 296 1634 stidisll
310 1559 440 1621 senioris
463 1558 518 1621 fuit
534 1555 700 1640 discipulus
719 1576 778 1619 nec
794 1558 917 1620 minore
934 1556 1040 1620 floruit
1058 1558 1250 1620 auctoritate.

185 1647 397 1710 Enunreratur
430 1649 509 1710 inter
543 1648 644 1711 claros
678 1647 815 1729 pictores
850 1645 1064 1710 Athenienses
1096 1643 1137 1708 de
1172 1645 1249 1747 glor.

185 1735 301 1799 At.hen
340 1757 369 1820 p
397 1735 473 1813 346.
504 1735 564 1811 A,
604 1737 730 1818 iamque
770 1745 1056 1798 commemoratum
1098 1744 1145 1796 est
1185 1735 1251 1797 eius

184 1822 328 1888 iudicium
366 1822 406 1887 de
437 1845 495 1888 suo
530 1823 627 1926 ipsius
655 1825 872 1926 Parrhasiique
894 1823 1034 1898 Theseu,
1069 1820 1192 1931 quod
1185 1844 1251 1927 ipse

182 1912 367 1976 Plutarchus
389 1915 518 1997 probat:
547 1906 605 1974 τὸν
638 1909 666 1974 d'
670 1901 876 1998 Εὐφράνορος
900 1905 981 1974 ἰδών
1005 1934 1056 1987 τις
1078 1902 1171 1974 εἶπεν
1195 1933 1252 1974 oua

184 1991 306 2086 ἀφυίας·
309 1997 337 2079 2)

285 2089 400 2196 Δῆμον
421 2078 595 2192 Ἐρεχθῆος
611 2079 885 2194 μεγαλήτορος,’
867 2111 903 2151 οι
926 2110 993 2151 ποι
997 2079 1143 2175 ’Ἀθήνη

284 2173 403 2261 θρέψε,
427 2170 511 2253 Διὸς
533 2171 689 2277 θυγάτηρ.
737 2177 843 2256 (Hom.
866 2179 904 2240 B.
931 2190 994 2254 547
998 2176 1016 2254 .)

291 2268 488 2348 Quibuscum
512 2268 713 2331 consentiunt
740 2286 824 2350 quae
853 2264 924 2343 dicit
951 2266 1065 2330 Plinius
1088 2279 1141 2342 35.
1171 2265 1250 2342 128,

183 2358 416 2440 cumprimum
440 2353 605 2438 dignitates
634 2358 769 2420 heroum
798 2357 990 2437 expressisse
1020 2352 1126 2418 videri.
1179 2354 1250 2417 Plu-

182 2445 308 2506 tarchus
324 2446 473 2522 tabulam,
497 2465 578 2528 quae
595 2442 771 2508 secundum
800 2445 989 2507 Pausaniam
1013 2443 1035 2507 l.
1062 2458 1091 2521 3.
1107 2457 1136 2520 3.
1161 2443 1250 2505 simul

183 2551 255 2595 cum
278 2535 400 2616 proelio
424 2535 561 2616 equestri
585 2533 792 2597 Mantineensi
816 2533 951 2596 Athenis
975 2534 1004 2596 in
1028 2535 1151 2615 porticu
1175 2551 1249 2615 qua-

183 2619 256 2684 dam
274 2622 427 2686 Ceramici
444 2631 521 2701 erat,
544 2624 610 2685 sine
628 2619 725 2685 dubio
745 2624 812 2706 ipse
827 2618 910 2685 uidit.
960 2621 1058 2685 Erant
1082 2622 1112 2684 in
1135 2619 1250 2683 eadent

181 2710 290 2774 tabula
329 2713 423 2774 etiam
463 2712 686 2775 Democratiae
725 2723 756 2773 et
791 2711 885 2774 Demi
919 2712 1079 2792 imagines.
1126 2707 1248 2792 (Paus.)

181 2796 334 2864 Iudicium
367 2820 446 2864 vero
481 2797 554 2864 illud
588 2800 819 2902 Euphranoris,
853 2798 938 2883 quod
973 2799 1087 2864 Plinius
1119 2819 1248 2883 quoque

182 2887 281 2965 affert,
317 2891 448 2965 elibro,
473 2909 568 2973 quern
603 2890 723 2973 scripsit
711 2887 791 2952 tde
809 2891 1001 2973 symmetria
1025 2899 1057 2952 et
1080 2889 1249 2967 coloribus,

186 2975 277 3051 (Plin.
301 2989 353 3053 35.
383 2979 466 3056 129.)
491 2976 692 3062 desumptum
716 2999 786 3042 esse
809 2979 932 3042 iamE.
956 2977 1089 3042 Mueller
1110 2976 1249 3040 Theorie

185 3061 241 3126 der
265 3065 368 3128 Kunst
391 3067 429 3129 ll.
456 3079 528 3143 254.
553 3069 729 3150 suspicatus
752 3077 810 3132 est.

293 3151 418 3216 Eodem
460 3154 532 3218 loco
566 3153 751 3219 Plutarchus
790 3157 883 3218 etiam
914 3154 1068 3238 proelium
1103 3162 1248 3238 equestre

183 3242 369 3306 breviante
393 3263 532 3327 pugnam
556 3243 804 3307 Mantineensem
828 3245 1031 3306 commissum
1066 3245 1248 3328 pictumque

182 3331 222 3394 ab
246 3331 457 3416 Euphranore
482 3340 712 3396 commemorat
734 3333 893 3416 fusiusque
917 3342 948 3395 et
972 3329 1012 3396 de
1035 3334 1103 3417 ipso
1127 3333 1247 3416 proelio

183 3429 215 3482 et
238 3418 278 3484 de
301 3424 423 3505 pictura
446 3422 593 3505 loquitur.
618 3421 655 3485 cl.
673 3419 937 3486 Schaef.erumN
963 3422 1074 3488 Rhein.
1102 3422 1181 3486 Mus.
1207 3421 1246 3486 V.

182 3509 213 3570 S.
249 3511 300 3586 58.
335 3533 401 3595 sqq
436 3510 561 3595 longius
597 3508 636 3573 de
675 3520 742 3574 tota
774 3533 809 3574 re
845 3509 1001 3596 disputan
1003 3532 1064 3576 em
1122 3509 1247 3574 Laudat

183 3595 366 3662 Plutarchus
396 3601 572 3664 tabulam
564 3620 650 3708 ipsos
685 3603 889 3705 pugnantium
923 3603 1047 3666 animos
1081 3600 1246 3664 manifeste

184 3683 351 3750 ostendent
339 3697 421 3750 ttem
449 3685 506 3794 uqi
535 3685 696 3772 πάρεστιν
720 3681 798 3796 ὃρᾷι
819 3685 853 3752 ἐν
875 3684 977 3754 εικόνι
1001 3689 1058 3775 τῆς
1080 3683 1186 3773 μάχης
1210 3680 1247 3749 τὸ

184 3766 364 3879 σύγκραμα
375 3776 437 3847 (vel
453 3772 616 3890 σύρρηγμα
632 3799 691 3863 pro
708 3773 898 3883 σιἰγγραμμα
914 3776 1000 3862 quod
1016 3787 1065 3840 est
1086 3774 1178 3848 tradit
1166 3772 1245 3856 tum)

183 3857 241 3924 καὶ
265 3855 323 3948 τὴν
346 3854 526 3949 ἀντέρεισιν
552 3864 651 3952 ἀλκῆς
678 3863 735 3930 καὶ
764 3868 821 3947 θυι
822 3867 871 3930 rori
898 3863 955 3930 καὶ
988 3859 1172 3945 πνεύματος
1195 3859 1247 3947 γέ-

182 3969 317 4032 μοισαι.

293 4089 483 4159 l)Secundum
508 4095 631 4147 Urlichsii
661 4098 833 4148 coniecturam
870 4095 1024 4162 (Chrestom.
1049 4096 1114 4150 Plio
1139 4110 1164 4159 p.
1185 4093 1245 4153 365

182 4165 215 4219 Ν
235 4163 330 4220 Rheffl.
349 4167 418 4222 Mus·
436 4166 521 4222 XXV.
532 4163 680 4247 [t.870]p
700 4166 773 4234 509)
800 4167 905 4220 Aristidi
926 4183 974 4232 pro
993 4167 1050 4218 Arr
1041 4166 1113 4217 treet
1133 4167 1245 4230 legentis.

291 4233 369 4302 2)τις
388 4245 447 4304 post
466 4228 556 4307 ἀφιιις
545 4239 654 4292 deleri

1033 4336 1067 4390 3*
