3016 4794
713 407 733 470 3

186 601 314 684 generis
337 599 468 663 humani
496 593 668 682 magistrill.
715 593 874 662 Necnon
901 591 1045 662 versatus
1074 607 1123 663 est
1149 601 1181 664 in
1203 617 1252 662 se-

186 689 353 773 quentium
381 684 635 752 academicorum
663 687 793 772 scriptis,
819 705 900 771 quos
924 685 1062 752 Platonis
1094 687 1186 751 nimis
1209 689 1252 752 in·

188 779 304 841 iustam
337 795 511 862 parumque
544 773 753 840 honorificam
781 794 878 860 quam
913 776 1023 841 habuit
1056 772 1097 840 de
1136 776 1252 841 artibus

187 867 375 930 sententiam
399 866 450 929 vel
465 885 523 930 sua
538 867 681 950 ipsorum
700 864 751 928 vel
767 863 960 930 Aristotelea
975 861 1117 930 doctriua
1132 874 1251 951 tempe-

187 975 274 1019 rasse
295 951 468 1019 admodum
490 953 655 1040 probabile
677 961 734 1018 est.

295 1041 481 1108 Cavendum
494 1045 590 1108 etiam
603 1053 661 1119 est,
676 1062 718 1106 ne
734 1041 937 1107 Plutarchum
953 1042 1087 1107 liberum
1104 1042 1252 1128 nullaque

186 1129 400 1216 praeiudicata
422 1134 573 1217 opinione
596 1129 725 1196 ductum
757 1133 871 1194 artium
897 1133 1133 1197 aestimatorem
1160 1132 1252 1196 luisse

187 1231 345 1305 putemus.
393 1218 490 1302 Quod
512 1240 572 1284 nec
596 1220 697 1283 voluit
719 1239 779 1283 nec
801 1221 913 1304 potuit.
964 1219 1046 1286 Nam
1068 1240 1141 1284 cum
1164 1239 1252 1306 prae-

187 1310 281 1395 cipue
305 1309 513 1394 philosophus
536 1316 632 1384 esset,
657 1326 723 1390 quo
746 1309 825 1372 sicut
852 1310 948 1373 ceteri
970 1309 1089 1373 nullum
1113 1309 1251 1396 praecla-

188 1399 253 1461 rius
280 1394 475 1482 homineque
503 1394 624 1482 dignius
650 1392 850 1482 praedicabat
877 1393 1022 1478 studium,
1061 1419 1174 1464 omnes
1202 1419 1252 1462 res

187 1483 230 1550 ad
258 1486 411 1551 moralem
439 1486 658 1572 philosophiae
685 1495 809 1571 partem
835 1487 1015 1567 revocabat,
1041 1485 1130 1572 quod
1156 1508 1253 1573 saepe

186 1575 320 1640 mirabili
342 1575 407 1639 lere
430 1584 499 1639 arte
522 1585 554 1640 et
576 1574 713 1639 sollertia
736 1569 877 1658 effecitt)
919 1575 1012 1658 Quae
1034 1595 1086 1640 res
1103 1586 1253 1660 quautam

187 1666 252 1728 vim
275 1665 420 1728 habuerit
435 1661 476 1727 ad
500 1672 583 1728 artes
598 1662 797 1748 artificesque
812 1661 1034 1741 aestimandos,
1046 1665 1196 1751 imprimis
1211 1685 1252 1729 ex

185 1773 228 1816 eo
252 1751 331 1817 libro
353 1761 496 1838 apparet,
522 1771 620 1837 quem
647 1753 770 1837 scripsit
797 1748 838 1815 de
866 1749 1028 1817 audiendis
1054 1755 1168 1840 poetis,
1197 1754 1251 1818 ubi

185 1849 310 1906 tantum
355 1839 453 1906 modo
499 1843 589 1927 poesi
635 1841 740 1906 tribuit
784 1843 985 1922 auctoritatis,
1029 1853 1065 1906 ut
1103 1844 1252 1907 iuvenum

185 1932 308 1994 animos
345 1928 386 1995 ad
423 1930 643 2016 philosophiae
681 1938 852 2015 praecepta
887 1933 1005 1994 rectius
1044 1927 1254 2015 intellegenda

186 2020 333 2098 instituat,
361 2019 499 2083 Platonis
533 2021 617 2084 viaru
647 2027 774 2083 secutus
802 2015 858 2082 sed
886 2039 953 2084 non
983 2039 1084 2104 usque
1111 2018 1153 2084 ad
1180 2041 1254 2084 eum

186 2127 253 2192 quo
286 2108 337 2171 ille
370 2109 512 2192 pervenit
545 2107 654 2183 finem,
688 2118 725 2171 ut
758 2108 870 2192 poesin
904 2130 923 2170 e
954 2109 1179 2192 perfectissima
1204 2108 1255 2172 illa

124 2267 128 2278 ι
187 2213 286 2278 quarn
309 2195 398 2260 finxit
422 2198 546 2262 civitate
569 2215 700 2282 prorsus
723 2191 889 2279 eliceret.3)
923 2194 1019 2280 Quod
1043 2193 1084 2261 de
1107 2197 1253 2261 omnibus

187 2286 307 2350 artibus
323 2287 515 2350 imitantibus
530 2305 614 2370 quae
625 2294 781 2350 vocantur
793 2281 961 2349 dicendum
977 2287 1071 2350 luisse
1083 2284 1253 2351 Plutarcho

183 2395 242 2459 per
264 2396 300 2439 se
322 2384 462 2460 apparet.

266 2528 270 2534 ,
292 2463 326 2526 In
338 2466 511 2529 imitatione
523 2473 630 2528 autem
643 2465 760 2527 artium
772 2459 1011 2528 fundamentum
1023 2465 1160 2548 positum
1173 2483 1252 2538 esse,

185 2547 218 2613 id
249 2548 337 2634 quod
363 2554 499 2636 primum
527 2551 702 2616 aPlatoue
737 2551 928 2636 explicatum
959 2561 1016 2628 est,
1051 2553 1131 2616 sicut
1157 2554 1252 2617 ceteri

185 2639 253 2703 fere
282 2660 395 2704 omnes
423 2640 608 2704 Plutarchus
642 2661 772 2726 quoque
807 2637 968 2705 contendit
1002 2638 1042 2703 de
1069 2639 1141 2705 aud.
1165 2651 1250 2727 poet.

183 2747 214 2812 p.
239 2739 285 2803 17.
304 2729 338 2792 F.
358 2730 444 2792 Sicut
461 2730 598 2814 picturae
620 2731 724 2814 poesis
742 2749 872 2815 quoque
887 2731 930 2793 ait
943 2727 1082 2794 officium
1100 2751 1170 2796 esse
1187 2731 1252 2794 imi-

182 2818 345 2898 tationem,
368 2837 452 2902 quae
483 2827 518 2881 ut
545 2819 607 2882 iam
631 2814 807 2882 Simonides
835 2816 957 2883 dixerat
990 2823 1120 2884 materia
1155 2817 1251 2884 modo

185 2914 218 2968 et
240 2927 359 2992 genere
382 2906 559 2971 imitationis
576 2908 657 2970 inter
672 2927 708 2972 se
723 2909 784 2972 sint
800 2903 984 2984 diversae.4)
1029 2907 1096 2972 Nec
1118 2909 1253 2994 spectari

185 3013 264 3057 num
286 3005 508 3079 argumentum
521 2996 643 3060 bonum
660 2997 699 3060 sit
710 3006 743 3060 et
759 2996 934 3081 pulchrum,
958 2994 1015 3061 sed
1027 3016 1105 3061 num
1123 2998 1252 3061 imitatio

186 3079 364 3166 diligentiae
398 3095 430 3148 et
464 3083 668 3148 similitudinis
701 3083 827 3150 laudem
861 3105 938 3169 prae
966 3105 1001 3148 se
1029 3085 1114 3150 lerat.
1160 3086 1252 3166 Quae

186 3172 306 3256 ubique
338 3192 410 3237 cum
437 3173 577 3238 Platonis
613 3170 756 3238 doctrina
790 3175 967 3250 concinunt,
1000 3173 1152 3238 simillima
1174 3190 1251 3236 vero

185 3257 400 3346 disputaverat
429 3261 618 3326 Aristoteles
647 3263 736 3326 Poet.
765 3262 820 3326 IV.
856 3251 962 3345 ἃγὰρ
991 3252 1073 3326 αὐτὰ
1101 3259 1253 3350 λυπηρῶς

186 3339 320 3432 ὁρῶμεν,
357 3343 480 3414 τούτων
510 3345 570 3427 τὰς
604 3343 732 3426 εἰκόνας
759 3343 819 3425 τὰς
851 3344 998 3430 μάλιστα
1027 3341 1253 3439 ἠκριβωμένας

295 3539 319 3608 1)
349 3541 438 3610 Symp,
457 3545 519 3595 VII.
540 3553 563 3595 1.
581 3561 606 3609 p.
626 3551 679 3601 700
697 3545 727 3597 B.
758 3544 833 3601 VIII,
865 3553 886 3597 1.
915 3563 939 3612 p.
969 3551 1019 3602 717
1040 3547 1070 3603 F.
1089 3545 1121 3596 de
1141 3561 1197 3610 cap.
1217 3561 1249 3595 ex

182 3613 253 3665 inim.
272 3613 331 3668 ulil.
351 3629 375 3678 p.
396 3623 438 3671 90.
459 3611 487 3668 O.

290 3681 315 3748 2)
335 3685 366 3741 cl.
387 3686 544 3744 Volkmann,
571 3686 666 3744 Leben,
687 3686 812 3736 Schrilten
831 3687 883 3738 und
904 3688 1002 3740 Philos.
1029 3688 1052 3737 d.
1072 3687 1140 3744 Plut,
1166 3688 1186 3738 1.
1209 3695 1248 3744 13.

182 3754 216 3809 IL
237 3761 401 3893 3235)sqqu·
420 3829 454 3878 X.
477 3837 500 3878 1.
521 3842 546 3892 p.
566 3833 626 3888 595.
664 3827 720 3879 Nec
738 3834 824 3878 tamen
850 3828 945 3893 ubique
971 3826 1020 3876 sibi
1045 3831 1144 3877 constat
1161 3828 1248 3882 Plato,

183 3892 308 3947 Concedit
327 3898 396 3948 enim
416 3899 566 3949 nonnullius
586 3915 642 3950 esse
661 3902 782 3949 momenti
801 3904 876 3956 artes,
897 3903 925 3948 ut
944 3897 1044 3948 animus
1063 3899 1095 3947 ad
1114 3899 1249 3963 pulchrum

181 3973 259 4087 pectg
271 3970 465 4035 percipiendum
484 3969 631 4022 deducatur
650 3972 698 4035 leg.
721 3969 783 4026 Vll,
811 3969 871 4022 816.
894 3972 924 4022 E.
944 3967 1005 4027 817.
1035 3969 1068 4025 cf.
1088 3971 1135 4022 Ed.
1153 3971 1249 4021 111111111-

199 4077 205 4090 ¹
224 4047 240 4096 9
260 4081 267 4095 ο
286 4056 366 4176 {dqde
385 4113 450 4178 glor.
472 4113 567 4162 Athen.
588 4072 694 4176 p.347.
713 4113 746 4164 A.
765 4110 797 4163 cf.
817 4111 968 4163 Volkmann
987 4115 1021 4165 11.
1041 4111 1174 4170 32'1.336.
1193 4129 1247 4178 sqq.

179 4181 289 4232 Ceteros
310 4183 382 4233 locos
402 4185 445 4234 ubi
464 4183 638 4234 Simonideum
657 4184 720 4234 illud
740 4183 866 4234 invenitur
886 4186 994 4235 contulit
1013 4186 1146 4249 Wyttenb.
1165 4187 1198 4235 ad
1217 4187 1247 4234 de

179 4253 239 4308 aud.
258 4260 329 4320 poet.
351 4269 376 4318 p.
399 4261 438 4310 17.
457 4256 487 4306 F.
1035 4324 1067 4378 1*
