3016 4794
689 372 730 439 ΙΙ)

178 574 365 677 praecipue
372 588 449 633 eum
472 564 609 632 debebat
630 564 764 641 allicere,
789 566 906 649 quippe
930 561 1016 647 quod
1040 573 1125 629 esset
1140 565 1245 629 Boeo·

178 665 288 739 ticum,
316 660 367 722 cui
389 665 471 721 teste
492 655 645 720 Pausania
655 654 898 718 Chaeronenses
908 671 1040 737 quoque
1049 655 1244 718 interessent

182 751 233 814 Ac
265 749 356 812 nobis
384 743 510 847 quidem
533 752 704 829 propterea
735 740 783 806 ad
809 744 872 807 hoc
899 744 1048 826 scriptum
1080 752 1127 807 est
1151 745 1245 828 respi-

182 835 339 906 ciendum.
372 831 489 918 quod
481 853 513 897 m
533 833 636 897 altero
659 833 836 916 fragmento
860 841 1130 896 commemoratur
1167 831 1245 896 alius

182 927 313 992 fabulosi
336 923 488 1008 temporis
510 922 623 986 artifex

287 1014 391 1078 Piras
417 1011 469 1074 vel
500 1010 667 1075 Pirasus.
715 1011 893 1114 Postquam
917 1005 958 1072 de
982 1007 1111 1074 diversis
1134 1010 1246 1074 xoanis

180 1104 340 1167 veteribus
375 1099 452 1164 dixit
486 1099 681 1172 Plutarchus,
714 1101 891 1163 invenimus
913 1099 1010 1162 haec:
1016 1093 1186 1204 Λέγεται
1210 1094 1246 1200 dd

180 1184 306 1298 Πείρας
340 1181 358 1252 ὁ
393 1187 527 1290 πρῶτος
534 1177 733 1290 Ἀργολίδος
752 1179 895 1291 ‘Hauc‘
885 1181 971 1268 reoda
997 1180 1168 1267 εἱσάμενος
1190 1179 1248 1272 τὴν

180 1273 297 1342 ἑαυτοῦ
320 1267 521 1378 θυγατέρα(
512 1266 632 1379 ιὲρειαν
646 1268 856 1380 καταστήσας
870 1270 907 1338 ἐκ
922 1275 988 1338 τῶν
989 1272 1081 1380 περὶ
1100 1268 1248 1377 Τίρυνθα

182 1356 304 1466 ὄγχνην
321 1356 429 1445 τεμὼν
451 1351 622 1426 αάτέατον
644 1351 719 1432 ΙΙ.
688 1357 971 1441 εακτέανονῦαΙεΙ.)
989 1355 1094 1448 Ἠρας
1117 1351 1247 1446 ἄγαλμα

183 1475 228 1535 μο
230 1452 372 1540 ρφιῦσαι.
417 1447 779 1527 Nonestnecessarium,
791 1470 865 1514 curn
877 1451 1064 1515 Thierscbio
1077 1449 1247 1554 (Epocheu

183 1541 242 1605 der
276 1537 443 1605 bildenden
479 1539 584 1603 Kunst
617 1558 647 1623 p
672 1539 737 1618 2ο)
781 1531 957 1624 Πείρας
941 1562 959 1603 ο
987 1551 1185 1605 commutare
1216 1543 1246 1604 Ιιι

183 1623 358 1714 Πείρασος,
382 1637 533 1730 quaeest
549 1628 688 1734 vulgaris
710 1630 846 1692 nominis
866 1629 1010 1704 forma,
1002 1649 1102 1693 immo
1118 1638 1249 1733 propter

184 1738 320 1804 sequens
335 1718 530 1824 participium
543 1708 753 1818 καταστήσας
764 1678 991 1802 praeferendus
1003 1727 1051 1781 est
1061 1709 1236 1782 articulus
1221 1739 1248 1782 o

182 1807 264 1872 Nam
275 1810 401 1891 Πειρας
423 1825 553 1890 quoque
577 1825 636 1868 usu
659 1807 744 1869 venit
767 1803 851 1890 apud
864 1804 1100 1891 Apollodorum
1123 1806 1159 1870 ΙΙ.
1177 1822 1203 1870 1.
1218 1821 1246 1871 2.

182 1906 215 1960 et
237 1897 298 1981 Jul.
322 1895 417 1958 Afric.
442 1916 492 1979 ap.
516 1895 633 1977 Georg.
654 1891 787 1978 Syncell.
814 1893 1007 1978 (Chronogr.
1020 1895 1043 1959 Ι
1057 1916 1087 1979 p
1103 1896 1178 1972 283.
1191 1892 1246 1977 D.)

182 1986 335 2048 Dissentit
357 2004 376 2047 a
398 1983 568 2056 Plutarcho
592 1983 739 2048 Clemens
752 1981 986 2048 Alexandrinus
1009 1980 1114 2046 Protr.
1127 1983 1182 2047 IV.
1194 1999 1246 2060 41.

184 2071 361 2138 secundum
384 2072 537 2136 Demetrii
560 2070 720 2137 cuiusdam
742 2093 872 2156 prorsus
894 2074 993 2154 ignoti
1015 2071 1168 2156 Argolica
1186 2070 1249 2135 Ar-

185 2183 261 2246 gum
272 2164 352 2246 sigm
344 2160 440 2225 illius
452 2161 672 2226 fabricatorem
688 2182 828 2226 narrans.
854 2159 969 2226 Sedt
937 2163 1059 2226 etiamsi
1075 2161 1250 2225 Thierschii

182 2253 398 2314 coniecturam
427 2243 593 2334 Πείρασον
625 2248 681 2313 τοῦ
705 2238 821 2335 Ἄργου
853 2271 912 2335 pro
937 2238 1053 2335 Ἀργον
1086 2251 1249 2314 scribentis

183 2341 338 2403 reiicimus
362 2340 451 2422 quasi
473 2341 564 2402 nimis
586 2336 750 2413 audacem,
778 2349 863 2405 certe
886 2342 987 2404 maior
1013 2337 1179 2404 tribuenda
1202 2349 1250 2404 est

182 2426 261 2492 fides
288 2428 457 2492 Plutarcho
494 2428 653 2492 homini
646 2450 677 2493 ιιι
712 2429 767 2492 illis
794 2430 889 2493 rebus
913 2430 1124 2492 versatissimo
1152 2447 1249 2511 quarn

186 2516 341 2580 Clementi
363 2517 531 2580 christiano
555 2517 728 2601 quemlibet
749 2520 858 2582 nescio
886 2537 928 2581 an
950 2517 1057 2581 fictum
1084 2526 1248 2580 auctorem

185 2605 298 2668 citanti.
344 2602 397 2670 Ad
425 2615 530 2670 cetera
556 2608 618 2669 huc
646 2607 834 2690 pertinentia
865 2602 1088 2690 cognoscenda
1121 2601 1249 2669 doctam

184 2695 328 2758 conferas
350 2694 508 2760 Foersteri
531 2696 841 2760 commentationem.
879 2694 920 2779 (p.
946 2708 976 2772 7.
1001 2691 1085 2780 sqq.)

292 2782 399 2867 Atque
432 2792 468 2845 ut
501 2784 677 2868 fragmento
713 2783 753 2848 illi
785 2786 847 2850 iam
881 2785 975 2868 plane
1009 2785 1249 2858 satisfaciamus,

182 2874 280 2940 etiam
298 2870 344 2935 de
368 2874 480 2936 ceteris
502 2875 615 2937 xoanis
639 2874 679 2936 ibi
703 2875 962 2951 commemoratis
979 2893 1080 2959 pauca
1099 2870 1249 2946 dicamus,

185 2963 369 3041 praesertim
393 2981 467 3025 cum
489 2962 644 3026 nonnulla
668 2962 823 3027 artificum
851 2965 981 3027 nomina
1008 2960 1133 3026 aliunde
1163 2981 1249 3024 com-

187 3058 278 3130 perta
298 3050 482 3114 habeamus
506 3050 646 3116 Priscam
662 3073 731 3115 esse
746 3061 780 3115 et
803 3061 961 3116 vetustam
985 3047 1123 3152 fingendi
1146 3049 1250 3132 lignea

187 3137 351 3202 simulacra
373 3136 634 3204 consuetudinem
658 3142 811 3225 exemplis
834 3139 1010 3214 confirmat,
1038 3140 1174 3223 primum
1196 3138 1250 3202 illo

184 3223 304 3308 quod
296 3247 327 3290 m
338 3227 420 3291 Delo
444 3228 544 3292 insula
560 3232 806 3293 vetustissimum
826 3231 1023 3293 consecravit
1036 3227 1248 3311 Erysichthon

184 3315 334 3400 Cecropis
357 3315 436 3380 filius
459 3337 567 3382 sacrae
591 3316 754 3400 legationis
777 3316 853 3380 dux.
901 3315 949 3392 (cf.
963 3315 1099 3382 Pausan.
1117 3316 1138 3380 l.
1152 3330 1205 3395 31.
1221 3330 1249 3382 2.

183 3403 205 3465 Ι.
234 3404 281 3466 18.
306 3418 336 3481 5.
361 3403 556 3470 Phanodem.
580 3427 629 3491 ap.
654 3406 770 3471 Athen.
794 3406 850 3470 IX.
874 3427 903 3491 p.
928 3419 1001 3510 392.
1027 3403 1083 3486 D.)
1117 3407 1169 3470 De
1185 3426 1249 3491 quo

180 3493 273 3575 signo
301 3492 426 3558 aliunde
453 3497 527 3559 nihil
555 3504 691 3572 constat,
721 3495 878 3562 diversum
906 3498 990 3562 enim
1019 3505 1087 3560 erat
1118 3497 1158 3560 ab
1187 3495 1250 3568 illo,

185 3583 271 3644 cuius
299 3585 455 3648 rationem
488 3594 584 3668 atque
618 3586 753 3651 formam
787 3583 961 3650 secundum
989 3585 1148 3650 Anticlem
1184 3580 1250 3667 (vel

184 3668 386 3748 Anticlidem)
426 3683 458 3737 et
500 3673 613 3738 Istrum
648 3670 697 3757 (ἐν
730 3676 805 3751 ταῖς
838 3667 1062 3760 επιφανειαις)
1102 3670 1252 3736 describit

183 3756 365 3824 Plutarchus
390 3757 430 3825 de
455 3781 534 3825 mus.
559 3785 589 3845 p.
620 3765 711 3840 1136.
736 3765 789 3838 Α.,
820 3783 959 3847 quocum
987 3763 1141 3826 consentit
1168 3761 1250 3824 Pau-

181 3849 284 3912 sanias
309 3849 365 3912 IX.
391 3861 444 3927 35.
468 3863 507 3926 3
535 3851 668 3916 artifices
696 3855 863 3916 nominans
886 3852 1060 3915 Tectaeum
1085 3859 1116 3914 et
1140 3848 1250 3932 Ange-

183 3934 300 4000 lionem
324 3939 463 4022 Dipoeni
487 3937 691 4025 Scyllidisque
714 3939 888 4024 discipulos.
940 3939 1046 4041 (Paua
1070 3939 1106 4004 ll.
1130 3951 1182 4018 32.
1206 3933 1250 4018 5.)

181 4023 353 4090 Praeterea
377 4029 451 4110 quin
476 4049 691 4093 marmoreum
714 4030 806 4093 luerit
834 4050 915 4115 opus
943 4030 996 4092 vix
1024 4037 1129 4115 potest
1117 4027 1251 4092 tdubi·

181 4116 248 4178 tari.
309 4115 354 4179 At
386 4118 515 4180 miretur
550 4121 628 4202 quis,
665 4120 689 4182 si
721 4129 769 4183 art
756 4118 874 4183 tificum
917 4119 1051 4196 illorum,
1090 4121 1143 4203 qui
1170 4117 1251 4182 ultra

182 4201 233 4265 Ol.
250 4203 319 4268 LV
344 4226 410 4270 non
433 4205 595 4286 recedunt,
620 4217 758 4273 aetatem
774 4218 938 4294 comparat
962 4230 1034 4272 cum
1058 4209 1102 4286 iis,
1126 4228 1252 4292 quaea
