3016 4794
708 371 749 432 41

181 560 368 628 Alexandro
393 559 474 636 dicit,
499 583 540 624 ex
563 561 627 624 aliis
651 562 754 624 hausit
777 562 922 625 sontibus.
957 560 1022 626 Nec
1046 560 1087 625 de
1110 565 1247 627 materia

180 654 397 754 machinisque
419 653 493 714 artis
517 648 687 734 quidquam
715 651 857 753 legimus,
893 671 967 714 nam
1002 672 1101 756 quae
1103 663 1245 758 praeter

182 743 450 848 comparationem
488 737 528 802 de
555 737 638 802 adul.
680 748 711 801 et
744 741 847 802 arnico
853 761 904 845 p.
935 753 999 842 743
1019 732 1101 801 Es
1058 731 1194 846 ιόσπερ
1214 734 1245 803 oi

179 824 332 909 λιθοξόοι
357 822 398 891 τοὶ
422 823 584 934 πληγέντα
614 821 672 890 καὶ
696 821 920 929 περικοπέντα
951 828 1017 890 τῶν
1049 817 1246 911 ἀγαλμάτων

179 912 421 1020 ἐπιλεαίνοντες
461 912 519 979 καὶ
554 915 729 1000 γανοῦντας
751 918 880 993 inveniS,
920 915 960 980 ad
999 937 1050 980 res
1088 919 1246 982 σεληναίας

181 1010 281 1090 magis
314 1026 410 1090 quam
434 1003 473 1068 ad
497 1015 597 1068 artem
632 1007 812 1069 statuariam
847 1008 1014 1090 pertinent,
1052 1009 1132 1070 sicut
1165 1027 1247 1090 quae

169 1094 252 1160 dicit
276 1094 316 1158 de
338 1091 521 1180 lapidibus
515 1115 545 1157 rn
568 1104 652 1158 terra
675 1093 795 1170 abditis,
826 1115 891 1179 quo
923 1096 1083 1159 molliores
1106 1097 1182 1160 fiant
1206 1094 1246 1159 ad

181 1181 409 1249 elaborandum
428 1181 549 1267 (Symp.
566 1183 649 1247 Vlll.
668 1196 695 1244 2.
712 1204 741 1266 p.
759 1195 832 1258 701.
851 1182 911 1266 C),
929 1182 969 1247 de
984 1205 1062 1248 auro
1084 1187 1247 1268 palearum

181 1275 310 1338 flamma
343 1270 504 1336 domando
538 1269 623 1354 (ibid.
647 1269 711 1355 ΙΙΙ.
730 1286 776 1334 10.
811 1294 840 1356 p.
864 1273 939 1348 658.
963 1274 1026 1351 1).),
1061 1271 1101 1336 de
1148 1276 1246 1338 ebore

180 1359 353 1427 molliendo
378 1357 433 1442 (an
458 1362 556 1424 vitios
584 1359 625 1425 ad
648 1361 727 1424 infel.
753 1359 821 1424 suff.
845 1383 875 1445 p.
902 1375 977 1440 499.
1001 1361 1065 1443 Ε.),
1103 1360 1143 1425 de
1173 1385 1246 1428 aere

178 1451 352 1516 Corinthio.
377 1448 429 1532 (de
452 1447 544 1534 Pyth.
569 1469 652 1513 orac.
676 1471 704 1534 p.
729 1463 802 1528 395.
829 1451 874 1531 Β.)

287 1540 427 1603 Pictores
449 1539 545 1622 pluris
569 1541 754 1614 aestimavit,
788 1559 981 1623 quamquam
1012 1560 1085 1603 casu
1115 1540 1247 1604 fortasse

179 1630 296 1692 facturn
331 1639 389 1704 est,
422 1626 510 1712 quod
541 1630 622 1692 inter
656 1647 751 1691 manu
786 1629 967 1692 laborantes
995 1649 1031 1692 ac
1066 1623 1247 1711 βαναύσους
1329 1697 1332 1704 ,

179 1717 301 1781 nullum
325 1719 534 1782 nominaverit
558 1719 713 1802 pictorem
736 1714 856 1800 (praec.
879 1720 957 1802 reip.
982 1739 1045 1802 ger.
1061 1739 1090 1801 p.
1100 1718 1174 1782 802.
1189 1716 1246 1800 A.)

179 1807 275 1870 Certe
298 1808 327 1870 in
352 1819 420 1871 arte
437 1805 585 1891 pingendi
598 1805 732 1869 iudicem
755 1827 790 1870 se
806 1805 943 1870 ostendit
959 1804 1042 1870 haud
1056 1809 1245 1890 imperitum.

180 1897 262 1960 Scite
285 1896 425 1981 loquitur
448 1893 487 1958 de
511 1891 702 1978 Apollodori
725 1895 799 1958 lucis
832 1906 864 1959 et
895 1897 1027 1960 umbrae
1054 1899 1246 1971 inventione,

180 2005 241 2048 nec
276 1987 358 2048 male
391 1983 504 2048 iudicat
536 1981 576 2046 de
600 1985 743 2068 Dionysii
779 1995 810 2046 et
833 1983 1015 2050 Nicomachi
1047 1986 1173 2062 tabulis,
1207 1982 1261 2071 de·¹

180 2071 338 2136 Parrhasii
369 2083 400 2136 et
433 2071 648 2156 Euphranoris
683 2073 823 2148 Theseu,
870 2072 910 2137 de
935 2072 1086 2138 ,eiusdem
1120 2074 1247 2158 proelio,

181 2160 222 2225 de
246 2163 354 2226 schola
378 2161 533 2245 Sicyonia,
558 2160 598 2225 de
623 2161 743 2245 Apellis
766 2161 962 2228 Alexandro.
1008 2163 1073 2228 Nec
1096 2184 1162 2227 non
1178 2183 1247 2226 ver·

181 2261 267 2315 satus
291 2263 338 2315 est
362 2253 392 2315 in
416 2253 546 2314 materia
569 2253 641 2315 artis
664 2260 696 2314 et
720 2253 953 2317 exercitatione.
992 2252 1088 2317 Novit
1111 2261 1248 2336 quatuor

181 2341 349 2424 Polygnoti
372 2340 505 2418 colores
530 2341 629 2423 loquit
631 2360 667 2403 ur
690 2338 730 2403 de
754 2340 885 2404 lucist
853 2351 885 2403 et
907 2344 1040 2405 umbrae
1062 2344 1247 2406 tractatione

180 2427 236 2510 (de
259 2428 341 2493 adul.
375 2439 407 2492 et
442 2431 545 2493 amico
580 2452 609 2514 p
641 2440 694 2505 57.
720 2429 805 2493 C.l
791 2433 899 2512 l.ragm
934 2430 1020 2494 Xlll.
1056 2452 1105 2515 ap.
1143 2431 1247 2494 Schol.

182 2519 272 2581 Arat.
299 2517 373 2581 828.
398 2516 525 2596 Bekkn
549 2517 588 2581 de
612 2518 755 2582 colorum
778 2521 923 2584 mistione
954 2530 986 2582 et
1016 2521 1247 2603 temperatione

192 2601 318 2693 φθορά,
342 2605 382 2669 de
404 2604 533 2670 adult
502 2616 533 2670 et
547 2611 649 2671 amico
668 2629 696 2692 p
710 2609 812 2687 5qu
838 2607 877 2672 de
890 2609 928 2672 Er
946 2606 1048 2693 delph
1076 2608 1246 2693 p3.93C.

182 2697 291 2780 Symp.
316 2717 344 2780 p.
372 2709 435 2772 725
461 2696 494 2760 C.
497 2695 518 2772 i,
555 2694 594 2759 de
629 2697 740 2761 bacillo
776 2695 931 2761 candente
954 2700 1027 2761 artis
1051 2699 1247 2762 encausticae

181 2787 330 2868 beneque
355 2806 426 2848 eam
450 2787 584 2848 secernit
608 2788 648 2849 ab
672 2784 735 2850 uda
759 2785 907 2871 pingendi
935 2789 1057 2852 ratione
1093 2789 1124 2850 in
1158 2807 1246 2871 prae-

182 2875 265 2938 clara
290 2875 528 2948 comparatione
552 2875 698 2939 Amator.
724 2898 760 2978 p.
780 2889 853 2953 759.
881 2877 926 2956 C,
949 2898 1046 2979 quam
1068 2885 1167 2940 totam
1192 2897 1246 2961 ap-

181 2984 328 3069 ponere
337 2965 410 3027 mihi
445 2963 547 3027 liceat:
583 2955 617 3066 ἐγ
642 2957 703 3048 γὰρ
741 2953 823 3048 όψις
857 2959 943 3028 ἐοικε
978 2958 1077 3046 erigi
1078 2961 1122 3027 ιέν
1146 2953 1247 3039 όλλας

180 3071 368 3158 φαντασιας
391 3041 441 3138 ἐφ
467 3044 576 3157 όγροῖς
599 3051 791 3158 ζωγραφεῖν,
816 3048 895 3132 ταχὺ
918 3051 1159 3160 μαραιγομένας
1185 3048 1245 3158 μοὶ

180 3131 489 3216 ἀπολειπούσας
454 3164 522 3249 την
536 3136 695 3247 ὁιόγοιαν·
722 3135 757 3204 αἱ
782 3138 818 3204 δέ
841 3142 907 3204 τῶν
930 3137 1099 3245 ἐρωμένων
1125 3136 1247 3217 εἰκόνες

182 3219 238 3292 όπ
256 3227 355 3335 αι’πης
372 3218 441 3293 οἷον
458 3226 491 3292 ἐν
507 3224 688 3335 ἐγκαύμασι
707 3224 911 3336 γραφόμεναι
931 3224 988 3294 διὰ
1007 3224 1109 3313 πυρὸς
1125 3223 1246 3336 εἷόιολα

180 3319 256 3394 ταῖς
289 3312 433 3424 μνήμαις
467 3313 725 3382 ἐναπολείπουσι
759 3312 932 3423 κινούμενα
966 3315 1022 3383 καὶ
1052 3317 1159 3398 ζοντα
1189 3315 1246 3382 καὶ

182 3401 392 3494 φθεγγόμενα
415 3403 472 3470 καὶ
496 3403 728 3493 παραμένοντα
753 3402 808 3472 τὸν
831 3397 928 3472 ditor
950 3403 1069 3493 χρόνον.

289 3493 338 3558 De
361 3499 424 3581 pict
412 3497 532 3561 toribus
568 3517 645 3560 suae
678 3499 797 3578 aetatis,
832 3518 896 3583 qua
930 3501 1069 3584 picturae
1104 3520 1154 3563 ars
1178 3508 1247 3562 erat

182 3582 598 3664 moriens1tuttdicitPlin.
624 3599 676 3662 35.
704 3601 763 3665 29,
787 3608 944 3690 nusquam
968 3590 1118 3672 loquitur3
1147 3587 1246 3650 semel
1341 3589 1348 3601 ’

180 3683 306 3737 tantum
331 3673 447 3738 dictum
472 3697 507 3738 se
530 3674 656 3739 audisse
679 3688 786 3740 narrat
810 3699 827 3740 a
852 3679 974 3760 pictore
998 3675 1136 3760 quodam
1160 3673 1245 3738 haud

181 3763 342 3846 inelegans
367 3761 406 3826 de
431 3785 502 3848 gen.
562 3765 648 3827 Socr.
673 3786 702 3848 p.
728 3778 801 3841 575.
826 3765 920 3841 A.,c
904 3766 992 3849 cip.
1017 3778 1047 3842 9.
1106 3766 1244 3826 Omnino

180 3872 285 3936 pauca
309 3862 433 3916 tanturn
455 3854 612 3936 pictorum
636 3855 765 3917 nomina
787 3855 965 3916 invenimus
988 3854 1117 3936 Lysippi
1140 3862 1245 3916 aetate

179 4009 394 4020 -2——-—

290 4079 314 4147 1)
333 4082 452 4132 Severius
471 4081 547 4130 etiarn
566 4083 701 4132 Petronius
728 4099 749 4132 c.
769 4078 810 4137 88,
836 4083 1021 4148 pulcherrimas
1046 4087 1112 4132 artes
1148 4082 1245 4146 perisse

180 4153 252 4210 dicit,
281 4153 349 4204 inter
376 4169 439 4218 quas
468 4156 566 4218 pictura
595 4169 627 4204 ne
662 4153 791 4204 minimum
821 4155 922 4220 quidem
952 4155 991 4204 sul
1021 4155 1154 4218 vestigium
1181 4155 1239 4205 reli·

180 4227 287 4290 quisset.
