3016 4794
714 381 753 446 13

189 572 393 661 ,pingendum
416 571 499 640 adeo
521 584 589 639 arte
612 593 670 638 sua
690 571 894 648 alliciebatur,
923 583 958 636 ut
985 574 1044 638 cibi
1070 583 1104 638 et
1125 576 1264 659 potionis

197 666 444 734 oblivisceretur.
480 673 611 748 quantas
642 662 820 747 voluptates
854 662 986 728 illustres
1021 665 1263 728 mathematicos

197 754 423 837 egeometria
466 753 686 836 grammaticos
720 773 739 815 e
773 751 943 836 philologia
975 753 1117 816 hausisse
1150 753 1264 838 putas?

198 852 332 926 quantas
355 861 432 905 vero
455 862 497 904 ex
513 841 699 905 benefactis
721 840 945 926 philosophos?
965 841 1048 922 (non
1071 861 1166 925 posse
1189 861 1261 906 sua·

198 933 275 994 viter
307 951 336 1014 p.
366 943 458 1008 1093.
487 930 525 994 E.
548 951 590 995 an
612 931 679 994 seui
713 931 752 994 sit
779 950 844 1014 ger.
872 951 954 1015 resp.
982 951 1012 1014 p.
1042 929 1115 1006 786.
1146 931 1182 994 B.
1206 929 1259 1013 C.)

197 1019 371 1083 Histriones
395 1039 525 1103 quoque
548 1019 644 1104 pluris
664 1020 848 1083 aestimasse
863 1016 995 1095 videtur,
1018 1038 1092 1084 nam
1115 1020 1147 1082 in
1170 1039 1260 1084 enar·

195 1109 317 1174 ratione
344 1107 500 1172 artificum
532 1110 586 1190 qui
608 1104 783 1172 Alexandri
806 1107 912 1191 Magni
935 1117 1041 1172 aetate
1064 1109 1258 1183 exstiterunt,

194 1207 268 1282 post
291 1193 465 1280 tragoedos
481 1194 658 1260 comoedos
676 1195 879 1260 citharoedos
902 1197 1012 1260 ultimo
1035 1194 1163 1260 tandem
1186 1197 1261 1263 loco

192 1285 341 1371 Apellem
366 1296 398 1348 et
420 1284 598 1369 Lysippum
623 1294 861 1350 commemorat.
888 1283 942 1366 (de
956 1286 1008 1350 Al.
1025 1285 1100 1350 M.s
1102 1286 1204 1350 .lort.
1230 1307 1258 1349 s.

194 1376 263 1438 virt
289 1374 325 1438 ll.
351 1395 380 1458 p.
404 1385 478 1450 334.
503 1373 537 1436 F
540 1374 550 1452 l

297 1464 359 1526 Sed
383 1471 510 1547 praeter
533 1481 686 1526 manuum
702 1481 834 1567 operam
849 1461 909 1526 alia
925 1481 1054 1546 quoque
1072 1482 1166 1528 causa
1178 1473 1258 1540 erat,

189 1571 244 1615 cur
268 1553 440 1654 pictoribus
462 1550 737 1636 sculptoribusque
764 1542 929 1632 βάναισον
957 1549 1031 1614 illud
1060 1549 1258 1629 adhaereret,

190 1639 275 1725 quod
311 1641 400 1742 pretii
434 1659 529 1704 causa
561 1641 755 1703 exercebant
788 1649 899 1704 artem.
946 1639 1017 1703 Hoc
1046 1649 1080 1704 ut
1109 1660 1184 1706 vera
1205 1661 1259 1706 ars

189 1732 344 1793 devitaret
389 1731 451 1793 iam
495 1724 714 1807 Aristotelesl)
760 1727 985 1811 postulaverat:
1031 1730 1133 1813 pretio
1172 1732 1256 1794 enirn

188 1821 283 1884 animi
313 1820 377 1882 vim
411 1814 545 1881 obtundi
572 1813 613 1881 ad
645 1818 766 1880 virtutis
801 1815 905 1880 officia
936 1825 1021 1880 recte
1057 1817 1256 1921 exequenda.

190 1905 295 1980 Quare
318 1904 463 1972 laudatur
487 1926 506 1969 a
531 1906 696 1970 Plutarcho
720 1903 941 2020 Polygnotus
941 1907 1053 1988 pictor:
1080 1897 1097 1969 ὃ
1126 1903 1162 1970 δὲ
1184 1911 1257 1971 Πο-

190 1985 395 2102 λῦγνωτος’
364 2015 419 2058 oar
434 1981 473 2080 ἧν
488 1993 554 2056 τῶν
569 1987 740 2098 βαναύσων
758 1991 824 2057 ord’
844 2017 895 2056 απ
898 1987 1153 2099 ἐ’ργολαβίας”
1131 2007 1256 2099 εγραψε

191 2077 249 2187 τὴν
275 2077 375 2146 στοάν
403 2082 577 2168 (ροεοίιθῐι),
602 2072 685 2145 ἀλλὰ
711 2084 844 2167 προῖκα,
874 2076 1144 2168 φιλοτιμουμενος
1171 2077 1258 2168 πρὸς

190 2166 248 2257 τὴν
270 2164 370 2236 πόλιν
393 2172 482 2252 (Cim
507 2170 549 2251 4).
596 2171 744 2237 Contra
737 2193 772 2248 rs,
797 2173 849 2256 qui
873 2180 1010 2236 ceteram
1026 2173 1165 2256 porticus
1183 2192 1253 2257 par-

187 2272 251 2325 tem
274 2261 374 2346 pinxit
396 2260 502 2325 Micon
525 2262 690 2345 pecuniam
714 2269 900 2345 sumpserat.
925 2260 1012 2340 (Plin.
1036 2271 1089 2339 35.
1114 2260 1178 2341 59.)

296 2349 384 2413 Haec
408 2350 475 2414 fere
498 2359 579 2425 sunt,
603 2371 686 2434 quae
710 2348 750 2414 de
775 2350 929 2415 artificum
958 2347 1144 2414 condicione
1176 2347 1256 2415 iudi·

189 2441 270 2502 cavit
303 2437 499 2503 Plutarchus.
560 2439 757 2520 Quibuscum
798 2440 970 2505 cohaerent
1003 2459 1055 2519 ea,
1092 2458 1175 2523 quae
1211 2437 1254 2502 de

189 2530 375 2593 necessitate
399 2530 478 2592 inter
501 2530 657 2612 principes
680 2540 712 2593 e
699 2537 819 2593 artes
830 2527 1027 2611 artificesque
1037 2524 1254 2592 intercedente

189 2613 364 2718 disputavit.
401 2617 492 2698 Quae
516 2619 633 2700 ubique
657 2615 800 2681 redolent
818 2617 1054 2702 philosophum:
1079 2617 1153 2680 nihil
1169 2618 1253 2702 prin·

188 2707 245 2790 cipi
270 2725 351 2790 opus
374 2717 421 2770 est
444 2707 619 2770 honoribus
642 2709 730 2791 pictis
753 2706 917 2782 fictisve,
910 2727 941 2770 ιιι
964 2707 1077 2787 quibus
1101 2705 1248 2780 etiamid,

187 2792 273 2880 quod
298 2795 493 2878 praeclarum
518 2797 665 2872 habetur,
693 2795 830 2860 alienum
855 2790 940 2876 est2),
966 2815 1069 2879 neque
1094 2797 1176 2860 enim
1202 2799 1252 2860 cui

188 2882 243 2947 sed
267 2905 287 2948 a
310 2904 374 2968 quo
399 2885 514 2950 lactum
538 2887 575 2948 sit
600 2905 681 2968 opus
705 2887 729 2949 is
753 2883 904 2950 laudatur.
939 2881 1057 2986 (praec.
1081 2906 1147 2968 ger.
1172 2887 1246 2987 reip.

188 2993 217 3056 p
243 2972 316 3038 820.
342 2971 391 3057 Β.)
437 2971 611 3038 Praeterea
635 2995 707 3039 curn
729 2975 888 3060 perlectus
911 2977 1055 3059 princeps
1079 2976 1160 3056 imag
1163 2995 1183 3036 0
1211 2975 1252 3037 sit

188 3061 250 3124 Dei
273 3064 376 3126 omnia
401 3061 594 3148 disponentis
617 3075 649 3127 et
672 3061 850 3147 digerenda
885 3084 951 3127 non
974 3071 1047 3146 eget
1071 3059 1179 3126 Phidia
1195 3064 1248 3146 qui

189 3148 285 3234 lingat
309 3171 366 3215 nec
389 3151 553 3235 Polycleto
587 3171 647 3217 nec
670 3154 818 3236 Myrone,
851 3149 908 3214 sed
938 3172 995 3235 per
1032 3152 1178 3214 virtutem
1213 3173 1251 3216 se

185 3241 254 3323 ipse
276 3239 349 3303 Deo
373 3261 468 3325 quam
503 3241 727 3305 simillimuml
712 3243 792 3323 lacit,
826 3238 1081 3305 iucundissimum
1104 3249 1247 3325 spectatu

187 3341 267 3413 opus
295 3339 327 3394 et
354 3350 457 3414 paene
490 3327 637 3394 divinum.
676 3328 726 3410 (ad
758 3332 853 3416 princ.
885 3326 1004 3394 inerud.
1032 3351 1063 3414 p.
1094 3330 1168 3406 780.
1193 3327 1249 3412 E.)

184 3417 292 3502 Ipsum
311 3429 418 3483 autem
442 3429 525 3484 artes
545 3439 698 3483 exercere
721 3419 881 3504 indignum
906 3427 962 3496 est,
987 3439 1058 3482 cum
1074 3421 1193 3502 majora
1217 3430 1248 3483 et

168 3505 354 3590 grandiora
389 3509 418 3571 ei
445 3510 504 3572 sint
538 3507 687 3575 facienda.
714 3509 830 3591 (Pericl.
860 3523 884 3572 1.
909 3509 1050 3574 Demetr.
1076 3509 1137 3590 20.)
1183 3506 1250 3573 Nec

184 3606 291 3662 tamen
315 3599 346 3662 in
370 3600 560 3663 contrarium
585 3597 697 3664 incidat
720 3599 900 3680 vitium,ut
865 3608 1053 3684 prorsus
1066 3607 1248 3662 contemnat

184 3695 268 3751 artes
291 3707 451 3772 quamque
479 3688 658 3772 longissime
686 3709 762 3754 ase
786 3697 952 3754 removeat
974 3688 1062 3771 quasi
1094 3686 1251 3750 barbarus
1295 3737 1296 3740 ι

184 3777 352 3861 omnisque
376 3777 475 3841 cultus
499 3788 594 3860 atque
623 3779 821 3844 humanitatis
845 3797 969 3862 expers.
1018 3775 1128 3857 ltaque
1162 3783 1248 3837 recte

183 3863 382 3947 Alexander,
418 3885 514 3949 quern
548 3868 678 3931 omnino
714 3865 754 3930 ad
788 3887 845 3950 per
846 3867 962 3930 ectum
997 3859 1068 3925 illud
1104 3863 1251 3949 principis

249 4028 274 4033 .-.,
283 4027 396 4034 ...ί-...-

294 4093 318 4162 ι)
338 4097 370 4152 cf,
384 4095 567 4154 Teichmtiller‚
581 4095 742 4148 Aristoteles’
758 4096 927 4160 Philosophie
948 4095 993 4145 der
1004 4095 1087 4146 Kunst
1107 4108 1132 4157 p.
1148 4099 1189 4149 53.
1203 4099 1248 4148 93,

292 4167 317 4234 2)
336 4167 409 4219 Idem
430 4167 493 4218 dixit
512 4168 675 4233 Hipponicus
695 4171 726 4220 de
746 4168 854 4220 donario
873 4179 927 4218 suo*
940 4184 955 4218 a
969 4167 1108 4230 Polycleto
1121 4163 1190 4214 lacto
1204 4180 1248 4229 ap.

183 4238 286 4294 helian.
305 4255 358 4296 var.
378 4241 435 4290 hist.
455 4240 528 4296 XIV,
551 4240 591 4296 16,
