3016 4794
811 394 851 457 38

207 633 210 638 .
280 583 432 648 Aelianus
453 603 517 647 var.
536 586 604 648 hist.
626 597 673 647 12.
690 597 742 662 41.
791 580 887 668 Apud
906 583 1038 646 Plinium
1054 602 1184 667 quoque
1197 581 1263 663 (35.
1276 582 1346 666 80.)

282 671 323 737 ad
347 675 428 736 hanc
452 674 592 738 tabulam
616 683 700 737 certe
724 675 862 757 respexit
886 671 1021 756 Apelles.

387 762 524 845 Ialysum
548 763 661 826 Cicero
690 759 796 824 Rhodi
824 759 899 824 vidit
887 759 1028 845 t(Orat
1053 760 1089 823 ΙΙ.
1116 773 1145 836 5.
1174 761 1236 839 11.)
1260 760 1348 824 Plinii

280 872 359 915 vero
391 861 496 914 aetate
523 851 649 915 Romae
686 860 754 914 erat
791 849 949 914 dicatus
943 871 973 913 m
1004 849 1125 932 templo
1152 847 1250 912 Pacis.
1296 850 1348 913 De

280 941 405 1004 interitu
428 940 555 1004 tabulae
575 936 658 1043 apud
675 938 876 1052 Plutarchum
892 941 971 1003 haec
989 940 1204 1001 inveniuntur:
1230 932 1349 1024 ταύτην

279 1025 344 1136 pah
363 1015 417 1090 οὖν
439 1021 500 1132 τὴν
528 1050 733 1133 yposprp
677 1021 725 1103 εἰς
752 1017 862 1090 τάὗτὸ
885 1029 959 1102 ταῖς
982 1015 1097 1102 dilate
1121 1027 1349 1089 συνωσθεῖσαν

280 1113 314 1180 ἐν
335 1108 442 1202 Pwaen
466 1110 504 1180 τὸ
527 1140 593 1201 πυρ
617 1111 827 1198 emancipare.
875 1117 1046 1180 BrunnK.
1067 1113 1158 1179 (1.11.
1184 1129 1257 1193 237.
1276 1136 1348 1179 eam

282 1141 464 1270 Commodo
496 1216 648 1289 regnante
682 1207 880 1269 combustam
914 1225 984 1268 esse
1012 1214 1112 1288 putat,
1143 1225 1239 1288 quem
1264 1215 1349 1268 certe

281 1297 331 1358 hic
367 1295 456 1358 locus
490 1314 619 1378 prorsus
654 1295 778 1378 fugerat
812 1296 906 1358 etiam
942 1295 983 1357 ab
1019 1293 1222 1357 Ouerbeckio
1250 1290 1280 1356 S.
1310 1295 1349 1374 Ω.

281 1385 529 1469 praetermissus.

389 1471 541 1536 Attamen
576 1469 769 1536 dubitatione
805 1492 870 1534 non
910 1481 958 1534 est
991 1491 1118 1534 vacuus.
1176 1471 1349 1556 Templum

282 1560 371 1625 Pacis
394 1561 629 1646 aVespasiano
653 1581 738 1625 anno
754 1560 890 1624 LXXV.
913 1581 943 1644 p.
963 1561 1034 1623 Chr.
1056 1558 1233 1623 dedicatum
1249 1559 1349 1623 Plinii-

282 1671 344 1734 que
375 1652 495 1713 mentio
529 1647 569 1712 ad
602 1670 719 1713 annum
747 1647 911 1723 LXXVII,
943 1670 1008 1733 quo
1036 1649 1110 1713 Tito
1143 1651 1225 1712 misit
1256 1669 1349 1733 opuS,

282 1736 449 1802 reserenda
477 1747 538 1820 est;
574 1759 711 1822 cumque
739 1739 940 1801 Plutarchum
965 1738 1163 1822 Vespasiano
1196 1749 1350 1821 regnante

282 1828 408 1891 Romae
433 1837 664 1891 commoratum
689 1847 759 1890 esse
776 1824 938 1910 constal),
962 1829 1029 1910 ipse
1052 1828 1185 1891 sortasse
1208 1827 1349 1891 tabulam

283 1914 368 1980 vidit.
416 1917 507 1979 Brevi
539 1926 612 1979 ante
637 1914 807 1979 Commodi
840 1912 1024 1993 mortem2)
1040 1917 1193 2001 templum
1221 1916 1349 1980 fulmine

282 2008 376 2068 ictum
401 2001 545 2068 incendio
576 2007 680 2089 periit3
715 2002 755 2068 de
789 2006 895 2088 priore
927 2003 1072 2068 incendio
1104 2004 1176 2068 nihil
1209 2003 1349 2083 traditur,

282 2114 476 2200 quamquam
509 2092 594 2156 haud
628 2095 778 2198 exiguum
815 2094 909 2156 luisse
943 2096 1120 2157 necessario
1154 2096 1296 2200 sequitur
1331 2117 1350 2158 e

282 2184 387 2246 uerbis
419 2176 466 2256 εἰς
497 2172 606 2245 τάῧτὸ
635 2184 709 2257 ταῖς
741 2171 857 2257 α’λλσις
880 2178 1144 2245 σσΙΙσσθεῖσαν
1129 2205 1163 2245 εν
1182 2175 1289 2269 Pnlup
1312 2177 1350 2247 τὸ

283 2271 350 2353 πῦρ
374 2261 503 2350 ἇπενείΙ
504 2291 585 2332 curo.
634 2268 728 2351 Quod
757 2268 934 2334 incendium
957 2272 1028 2334 alibi
1052 2293 1182 2357 prorsus
1206 2221 1350 2354 ignddum

284 2369 369 2423 certe
404 2361 517 2422 mirum
553 2369 613 2436 est,
649 2369 746 2443 atque
781 2362 805 2422 si
840 2362 989 2443 suspicari
1017 2361 1096 2439 licet,
1133 2363 1231 2425 verba
1259 2361 1350 2424 illaa

282 2451 487 2533 scriptore
466 2448 518 2510 iel
552 2448 671 2512 lectore
708 2450 776 2512 aevi
810 2447 1029 2513 Commodiani
1058 2453 1187 2534 margini
1216 2453 1351 2534 ascripta

282 2540 313 2602 in
336 2547 458 2602 textum
482 2539 643 2621 irrepsisse
665 2540 854 2621 putaverim.

389 2624 555 2689 Theonis
579 2629 675 2690 Samii
691 2637 886 2691 memoratur
908 2627 1025 2703 tabula,
1051 2647 1114 2710 qua
1137 2625 1261 2712 depicta
1283 2637 1351 2691 erat

280 2705 433 2799 Ὀρέστου
455 2709 674 2800 μητροκτονία
699 2713 737 2778 de
761 2714 832 2779 aud.
859 2726 945 2799 poet.
970 2737 999 2800 p.
1031 2730 1077 2792 17.
1103 2717 1137 2780 F.
1163 2718 1199 2780 cl.
1224 2717 1350 2780 Bluem-

283 2823 341 2867 ner
364 2805 448 2866 arch
477 2801 563 2866 Stud.
587 2823 613 2865 z
637 2804 766 2868 Lucian.
792 2826 821 2888 p.
847 2805 898 2868 60.

389 2880 725 2976 Asclepiodorus
707 2903 785 2956 mter
801 2896 937 2977 pictores
955 2894 1077 2957 Atticos
1094 2904 1296 2958 enumeratur
1309 2892 1350 2957 de

284 2981 361 3067 glor.
388 2981 506 3044 Athen.
529 3001 558 3065 p.
582 2982 658 3059 346.
684 2981 724 3045 Α.

391 3065 587 3156 [Ismenias
612 3068 788 3134 Chalcidius
811 3068 936 3134 aliunde
959 3073 1086 3155 ignotus
1110 3073 1254 3135 familiam
1286 3072 1349 3155 Ly-

284 3162 370 3242 curgi
414 3161 549 3224 oratoris
588 3161 687 3243 pinxit
726 3159 900 3224 secundum
944 3163 1068 3244 generis
1115 3163 1349 3224 successionem

283 3247 434 3329 (Pseudo-
436 3248 480 3312 Pl.
515 3249 557 3312 X.
593 3257 671 3313 orat.
708 3252 761 3312 iit.
797 3271 827 3334 p.
859 3252 933 3328 843.
963 3247 1014 3332 E.)
1050 3250 1155 3334 figuris
1190 3253 1349 3313 humanae

283 3333 560 3420 magnitudinis,
545 3359 579 3400 ev
607 3333 725 3401 πίνακι
759 3332 882 3422 τελείῳ,
916 3339 952 3402 cf.
980 3341 1070 3424 Jahn,
1102 3341 1183 3402 iiber
1210 3338 1260 3402 die
1288 3339 1349 3402 Ge·

284 3425 387 3489 malde
411 3424 466 3489 des
485 3426 673 3527 Polygnot
666 3447 696 3488 in
721 3425 776 3490 der
792 3428 917 3490 Lesche
940 3447 979 3489 zu
996 3428 1111 3512 Delphi
1134 3450 1165 3512 p
1190 3428 1242 3505 63.
1266 3424 1349 3513 sqq]

390 3515 530 3577 Pictores
543 3516 596 3597 qui
610 3534 680 3576 cum
698 3514 798 3578 Arato
811 3527 902 3579 erant
917 3518 1117 3580 nominantur
1128 3517 1350 3581 Timanthes

284 3614 315 3667 et
338 3601 511 3676 Nealces,
545 3621 626 3686 quos
650 3613 819 3687 propterea
843 3602 1006 3688 Sicyonios
1037 3616 1111 3669 natu
1143 3606 1236 3670 luisse
1265 3604 1349 3670 haud

282 3691 530 3777 improbabiliter
568 3693 744 3776 suspiceris,
801 3693 986 3757 Timanthes
1029 3715 1105 3758 sane
1139 3693 1351 3759 secernendus

262 3803 302 3845 .a
325 3784 450 3846 seniore
482 3778 623 3844 eiusdem
653 3783 786 3845 nominis
814 3783 931 3846 artifice
960 3781 1107 3846 Zeuxidis
1130 3784 1264 3869 aequali,
1298 3787 1351 3868 qui

283 3871 465 3956 Iphigeniae
494 3870 744 3934 immolationem
772 3871 852 3948 fecit,
881 3891 1020 3956 pugnam
1050 3875 1090 3936 ab
1114 3873 1217 3937 Arato
1242 3883 1351 3937 contra

283 3961 419 4024 Aetolos
443 3957 483 4023 ad
507 3959 655 4023 Pellenen
681 3963 880 4025 commissam
905 3964 942 4039 (a.
965 3974 1029 4039 240
1051 3982 1079 4025 a.
1104 3962 1186 4042 Chr.)
1212 3961 1352 4048 depinxit

393 4168 417 4234 1)
437 4171 468 4220 de
486 4170 546 4219 soll.
565 4186 605 4221 an.
625 4187 651 4235 p.
674 4179 734 4230 974.
753 4174 786 4225 A.
806 4173 837 4222 cs.
857 4172 1005 4222 Volkmann
1024 4170 1045 4229 I,
1066 4173 1107 4233 36.
1125 4191 1179 4239 sqq.

392 4245 417 4307 2)
437 4243 489 4293 Dio
509 4243 580 4296 Cass.
598 4241 709 4298 LXXII,
730 4253 771 4301 24,
790 4244 929 4294 Herodian.
948 4243 970 4296 Ι.
992 4253 1032 4307 14,
